2820 4680
701 552 741 613 ao

297 725 386 798 heris
400 724 449 797 sui
464 723 496 795 in
511 740 545 797 te
559 722 665 820 magis
674 721 879 797 desiderium
890 720 1017 794 foveas.
1035 723 1146 804 lanua,

297 865 398 938 quam
426 858 460 913 te
486 864 606 913 omnes
632 837 817 936 contigisse
847 836 1050 924 existimant,
1079 859 1145 906 non

297 955 433 1052 patiaris
459 954 595 1028 excludi
622 973 657 1027 et
679 970 773 1026 tanto
792 951 1062 1049 magnificentius
1081 967 1147 1023 ter·

298 1096 380 1144 rena
407 1071 558 1169 negligas
583 1086 713 1167 quanto
740 1070 771 1141 in
798 1067 872 1141 dies
902 1067 961 1141 tibi
991 1084 1068 1140 sunt
1087 1091 1148 1139 no-

272 1221 281 1265 5
299 1186 546 1260 tioracaelestia
559 1205 655 1258 extra
668 1183 875 1282 cupiditates
891 1183 954 1256 iam
969 1181 1026 1256 diu
1037 1180 1148 1280 posita

298 1303 331 1375 in
358 1319 403 1391 te,
421 1325 464 1375 ac
489 1300 702 1374 sanctitatem
729 1316 832 1388 tuam,
851 1315 1011 1387 mentem,
1030 1321 1149 1370 sensus

298 1417 499 1513 animosque
525 1432 709 1498 converte;
737 1437 836 1487 curas
869 1413 952 1486 alias
982 1412 1148 1507 relinque,

298 1556 377 1628 quae
397 1555 459 1603 nos
477 1529 587 1603 fallaci
606 1547 642 1602 et
659 1553 776 1626 parum
799 1527 957 1601 duratura
974 1529 1149 1623 voluptate

297 1648 483 1737 delectant,
502 1647 683 1720 Salamone
705 1644 956 1742 sapientissimo
973 1660 1008 1716 et
1025 1667 1150 1740 exper-

255 1795 284 1831 ιο
297 1763 426 1837 tissimo
436 1761 604 1858 teste,qui
614 1759 909 1857 ait:Magnificavi
919 1758 1033 1832 omnia
1042 1782 1151 1854 opera

298 1904 385 1967 mea,
406 1876 574 1952 aedilicavi
602 1876 680 1948 mihi
703 1874 838 1964 domos,
857 1873 1003 1972 plantavi
1022 1873 1149 1959 vineas,

298 1994 365 2067 leci
377 1994 495 2066 hortos
512 2010 548 2065 et
566 1991 730 2090 pomeria,
749 1989 889 2064 consevi
903 2014 945 2062 ea
959 1988 1074 2061 cuncti
1087 2012 1148 2085 ge-

298 2109 387 2182 neris
403 2107 590 2191 arboribus,
613 2106 762 2181 exstruxi
782 2105 860 2178 mihi
880 2105 1027 2202 piscinas
1044 2128 1149 2200 aqua·

298 2251 380 2313 rum,
396 2242 452 2298 ut.
474 2282 481 2295 .
502 2281 509 2295 .
531 2280 538 2294 .
559 2223 673 2296 silvam
688 2222 854 2320 lignorum
871 2220 1148 2318 germinantium

256 2371 282 2419 ις
298 2339 438 2440 possedi
464 2364 582 2413 servos
608 2356 642 2412 et
667 2339 808 2412 ancillas
827 2339 1035 2434 multamque
1054 2337 1149 2411 sami·

299 2457 387 2545 liam,
414 2454 514 2528 habui
542 2471 694 2528 armenta
720 2479 873 2553 quoque,
896 2453 1007 2527 ovium
1026 2464 1150 2551 gleges

298 2574 383 2647 ultra
391 2595 523 2659 omnes,
535 2571 592 2669 qui
603 2571 737 2644 suerunt
750 2588 829 2644 ante
843 2595 898 2643 me
913 2569 944 2641 in
955 2571 1148 2657 Ierusalem,

297 2713 426 2777 aurum,
452 2702 628 2784 argentum
655 2704 691 2759 et
716 2685 920 2760 substantias
955 2708 1071 2781 regum
1107 2707 1149 2756 ac

298 2803 558 2903 provinciarum,
586 2802 653 2875 teci
681 2802 759 2875 milti
786 2818 946 2875 cantores
963 2816 999 2873 et
1016 2797 1150 2872 delitias

255 2953 285 2987 ιο
298 2920 440 2993 filiorum
456 2918 641 3008 hominum,
656 2918 807 3015 scyphos
819 2934 854 2989 et
868 2940 992 2989 urceos
1006 2915 1038 2986 in
1054 2913 1149 2986 mini·

296 3035 402 3110 sterio
419 3034 463 3110 ad
480 3034 557 3108 vina
575 3031 750 3107 tundenda
766 3048 802 3106 et
818 3056 1058 3130 supergressus
1075 3055 1148 3103 sum

344 3211 380 3275 (3)
396 3212 501 3274 patieris
516 3212 545 3261 C.
580 3211 630 3275 (ιι)
645 3218 717 3261 ortos
729 3211 759 3260 C.
794 3209 841 3270 (ιι.
856 3221 865 3256 1
871 3210 893 3271 ι)
902 3208 1022 3258 conserui
1034 3221 1065 3256 ea
1074 3221 1149 3256 cunc-

297 3291 330 3341 tis
344 3304 468 3356 generum
484 3291 539 3340 arb.
558 3291 666 3341 extrussi
678 3305 709 3339 m.
729 3290 836 3352 piscinas
856 3289 886 3339 C.
920 3286 969 3350 (14)
987 3287 1034 3352 lege
1051 3295 1078 3337 ut
1096 3288 1149 3336 irri-

298 3384 384 3435 garem
400 3384 422 3420 s.
455 3369 505 3433 (16)
517 3369 565 3434 lage
580 3383 688 3432 quoque
705 3377 731 3418 et
748 3382 851 3432 magnos
868 3369 952 3418 ovium
964 3381 1001 3432 gr.
1034 3368 1084 3430 (ιθ)
1095 3381 1149 3416 sus·

298 3451 388 3499 tantias
397 3450 426 3500 0
462 3450 511 3513 (tp)
528 3449 576 3515 lcgt
592 3458 658 3501 cant.
669 3458 695 3499 et
707 3448 860 3499 cantatrices
871 3457 897 3497 et
908 3447 959 3497 det.
984 3447 1034 3514 (ιο)
1046 3447 1107 3498 sitos
1117 3447 1146 3499 C.

300 3532 416 3581 ulcerros
428 3530 485 3578 min.
505 3529 535 3579 G
