2820 4680
471 1109 508 1178 Ρ.
535 1109 690 1179 Donatus
711 1101 912 1177 Advocarius
933 1102 1028 1177 rutra
1044 1101 1225 1199 Nagaroloe

763 1255 795 1327 8.
819 1256 858 1327 P.
881 1257 930 1327 D.

482 1771 493 1825 ς
533 1801 540 1822 ,
599 1765 777 1816 οουεΑΒιε
798 1766 854 1815 me
868 1742 1074 1841 sorteatque
1088 1741 1277 1839 reprehen-

430 1892 529 1970 ἦ
551 1880 588 1974 f
625 1857 698 1945 des,
721 1855 817 1955 quod
835 1882 904 1955 ego
924 1856 1081 1955 indignus
1097 1872 1275 1955 augustam

430 1976 455 2065 ,³3
466 1958 592 2063 md]
626 1973 741 2073 Moysi
784 1972 983 2047 cathedram
1022 1971 1148 2071 saepius
1185 1997 1274 2045 con-

423 2090 594 2166 scendere
603 2088 720 2164 ausim.
739 2091 819 2163 Nec
830 2087 999 2162 immerito
1014 2087 1164 2188 quidem.
1182 2087 1276 2187 Quis

423 2205 514 2281 enim
536 2231 605 2304 ego
631 2208 729 2278 sum?
760 2206 880 2277 Homo
892 2203 1027 2278 scilicet
1041 2203 1190 2301 ignavus,
1209 2227 1276 2276 sae

423 2321 547 2395 culatis
571 2337 677 2419 atque
704 2335 880 2417 peccator,
909 2318 967 2418 qui
994 2317 1117 2391 divites
1147 2316 1203 2392 dei
1239 2335 1276 2392 et

423 2433 1274 2533 dominisensusexplicarevelim.Scripturaenim

382 2577 411 2613 ιο
424 2550 539 2625 divina
547 2550 595 2647 (ut
604 2549 683 2647 scis)
702 2550 852 2625 omnium
862 2575 1022 2625 sensuum
1037 2549 1204 2624 tramitem
1218 2574 1276 2623 so·

424 2668 492 2740 lum
507 2667 622 2756 habet,
637 2691 739 2764 quem
754 2667 903 2740 humano
916 2690 1076 2740 sermone
1089 2665 1275 2739 decurrere

424 2781 501 2878 quis
517 2780 669 2870 audebit,
695 2781 798 2855 etiam
816 2780 843 2854 si
869 2781 945 2881 quis
969 2781 1135 2856 volaverit
1152 2798 1188 2855 ut
1212 2805 1276 2854 co-

425 2897 549 2985 lumba,
572 2895 634 2970 nisi
664 2895 838 2994 angelicas
855 2921 986 2995 pennas
1003 2895 1194 2970 mortalium
1212 2895 1275 2968 lin-

423 3011 499 3109 guis
527 3011 664 3109 spiritus
688 3011 905 3086 adhibuerit?
934 3014 1065 3110 Magna
1089 3010 1180 3086 enim
1207 3034 1274 3106 rea,

381 3152 407 3202 ¹5
424 3126 528 3201 immo
538 3127 672 3201 maximi
686 3144 722 3201 et
736 3127 881 3225 ingentis
894 3144 1039 3202 conatus
1051 3143 1098 3217 et,
1109 3143 1144 3201 ut
1156 3152 1275 3201 verum

471 3356 516 3404 «P.
544 3356 638 3405 Donati
671 3356 807 3406 Advooorii
841 3357 865 3405 in
901 3357 1003 3406 Domini
1031 3356 1144 3406 Corone
1171 3356 1276 3418 Spinea

423 3435 513 3496 Agone
536 3435 568 3483 ad
595 3435 679 3483 lutiam
703 3436 873 3499 Nogaroiam·
902 3443 970 3485 extat
989 3451 1013 3485 m
1030 3436 1106 3487 unico
1123 3435 1216 3486 codice
1235 3438 1277 3487 Bi·

423 3513 560 3564 bliothecae
576 3514 683 3564 civitatis
701 3515 793 3564 Brixiae
809 3527 870 3565 soc.
888 3515 957 3565 XVI.
