2820 4680
560 598 615 668 4²5

162 757 252 833 enim
272 757 400 855 ingenti
415 755 543 852 ,dolore
556 774 660 856 atque
674 757 898 831 acerbissimo
912 759 1015 833 luctu.

163 876 315 948 Fatebor
324 874 489 971 ingenue:
503 872 643 946 Nemini
654 898 802 972 unquam
812 873 908 948 alteri
922 899 1018 948 amo-

163 1016 233 1063 rem
252 1015 365 1064 meum
384 1005 510 1086 praeter
536 1013 637 1086 quarn
664 988 724 1060 tibi
752 989 807 1061 uni
835 989 1016 1087 impartiar,

162 1106 243 1180 dum
262 1130 394 1178 memor
412 1105 486 1202 ipsa
503 1103 581 1192 mei,
596 1102 676 1176 dum
690 1104 826 1201 spiritus
839 1106 903 1178 hos
921 1120 1018 1202 reget

162 1238 264 1311 artus,
295 1220 322 1294 si
353 1219 511 1309 volueris,
538 1236 574 1292 ut
604 1218 676 1292 iure
706 1219 899 1317 meritoque
928 1220 1017 1293 velle
1050 1250 1059 1303 t

162 1335 319 1411 debebis.
334 1335 583 1436 ¹Quamobrem
594 1352 629 1407 te
654 1334 757 1407 etiam
783 1351 888 1433 atque
914 1335 1017 1409 etiam

163 1477 238 1541 oro,
258 1477 302 1525 ne
318 1450 466 1548 graviter
484 1450 701 1547 molesteque
720 1449 820 1535 leras,
839 1450 866 1523 si
885 1475 954 1547 ego
968 1449 1018 1521 in·

164 1567 385 1665 dignabunda
402 1584 516 1640 tecum
535 1591 598 1663 per
615 1565 743 1639 litteras
757 1564 1018 1665 quodammodo

164 1683 276 1757 acrius
293 1698 416 1781 questa
433 1706 517 1770 sum,
533 1681 721 1778 praesertim
737 1681 878 1780 quando
892 1683 969 1755 haec
983 1697 1019 1755 et

165 1795 358 1871 huiusmodi
393 1798 546 1895 querelae
573 1822 640 1869 non
669 1796 931 1893 proficiscuntur
956 1797 1019 1870 nisi
1035 1830 1065 1866 10

165 1915 209 1987 ab
228 1912 344 1986 illustri
363 1911 513 2009 quodam
531 1936 648 1984 amore
662 1930 768 2009 atque
781 1937 859 1986 mea
873 1911 1020 1985 incredi-

166 2030 224 2102 bili
243 2030 275 2101 in
294 2047 328 2102 te
346 2026 598 2101 benevolentia.
620 2029 749 2125 Neque
767 2027 869 2117 enim,
885 2043 920 2100 ut
938 2027 1019 2099 milri

167 2144 371 2242 persuade0,
391 2160 426 2216 te
445 2142 539 2238 sugit,
555 2144 624 2215 hoc
639 2167 822 2216 commune
835 2142 1018 2215 amantium

167 2260 281 2333 vitium
308 2283 397 2348 esse,
417 2276 452 2330 ut
471 2257 586 2331 omnia
607 2283 745 2356 semper
770 2257 1018 2347 sollicitudinis,

167 2374 307 2463 timoris,
325 2373 540 2471 suspicionis,
572 2391 749 2470 postremo
775 2373 889 2446 livoris
914 2391 1019 2472 atque
1035 2409 1061 2459 ις

167 2487 303 2562 invidiae
312 2505 428 2562 essent
438 2488 642 2587 plenissima
655 2487 754 2588 Quid
764 2488 889 2577 dicam,
912 2488 1019 2587 quod,

167 2628 271 2701 quum
288 2628 385 2677 amor
402 2628 519 2676 caecus
535 2603 588 2693 sit,
604 2627 748 2678 necesse
766 2621 829 2691 est,
845 2628 940 2676 more
957 2628 1021 2677 suo

168 2734 203 2791 ut
220 2743 350 2816 anceps
375 2718 569 2817 dubiusque
595 2720 662 2792 hue
688 2735 793 2816 atque
819 2706 898 2792 illue
925 2718 1019 2792 brevi

168 2852 344 2908 momento
363 2834 574 2931 impellatur?
602 2836 731 2932 Neque
748 2832 820 2907 fieri
839 2849 966 2931 potest,
985 2849 1021 2907 ut

168 2967 240 3023 arte
254 2952 321 3023 ulla
335 2950 455 3023 rationi
470 2952 657 3040 cohaereat,
672 2949 754 3048 quin
768 2949 882 3047 potius
895 2966 1021 3023 cuncta
1035 2984 1065 3019 ιο

168 3065 241 3139 eius
259 3066 350 3139 lacta
367 3065 503 3139 dictave
521 3064 565 3139 ad
582 3065 648 3137 vim
667 3064 838 3164 quandam
860 3082 1021 3163 spectare

169 3182 333 3256 videntur.
357 3181 405 3253 Hi
416 3182 506 3255 enim
521 3181 579 3281 qui
593 3181 719 3255 acriter
731 3183 796 3255 hac
811 3206 900 3255 nova
909 3198 1019 3279 peste,

169 3298 223 3372 cui
243 3297 382 3395 quidem
394 3297 516 3372 virtute
534 3297 644 3371 resisti
662 3323 731 3371 non
741 3313 868 3395 potest,
887 3299 1021 3372 labora·

215 3483 250 3548 (ι)
266 3484 369 3532 Memini
386 3484 417 3534 (λ
451 3481 485 3547 (4)
501 3497 559 3533 cum
574 3497 673 3532 memor
693 3484 719 3532 S.
752 3482 803 3547 (η)
819 3484 891 3533 solio
911 3485 936 3533 S
970 3482 1020 3548 (ro)

169 3564 266 3613 esseS.
300 3562 350 3628 (17)
367 3577 445 3627 quom
463 3563 493 3613 C.
528 3562 577 3628 (ιι)
593 3564 636 3612 llil
653 3564 684 3614 C.
