2820 4680
194 1367 299 1438 Mar!
314 1366 417 1438 Irotta
433 1363 576 1437 Andreae
594 1361 764 1438 Contrario
787 1364 820 1437 S.
840 1365 878 1436 P.
897 1366 945 1436 D.

220 1874 231 1886 ⁸
254 1881 263 1897 ⁴
282 1906 283 1909 ¹
358 1877 458 1949 irrrss
476 1875 610 1949 infelix!
628 1877 665 1949 Ο
679 1874 833 1949 crudelia
845 1892 882 1949 et
896 1876 999 1975 impia

353 1993 439 2066 fatal
474 1994 511 2066 Ο
540 2017 632 2066 mors
657 1992 881 2083 atrocissima,
901 1993 999 2068 cuius

196 2164 218 2195 b
233 2171 261 2195 s.
351 2107 492 2206 quidem
513 2107 704 2182 incredibili
732 2106 908 2183 desiderio
929 2108 997 2183 sin·
1030 2142 1040 2192 ς

144 2227 232 2325 gulis
245 2225 338 2300 horis
355 2224 537 2299 conficior!
558 2225 632 2298 Cur
645 2240 712 2298 tam
728 2227 883 2323 procula
900 2223 1000 2298 nobis

145 2343 240 2433 abes,
251 2340 439 2441 praesertim
454 2338 595 2438 quando
608 2356 644 2413 te
657 2364 868 2438 magnopere
881 2339 998 2438 cupi0,

146 2484 190 2532 ne
217 2458 249 2531 in
275 2457 376 2532 tantis
402 2456 556 2546 miseriis,
585 2455 617 2529 in
644 2455 745 2531 tantis
770 2455 931 2530 aerumnis
955 2480 999 2530 ac

145 2573 395 2648 calamitatibus
415 2573 536 2663 vivam,
562 2573 589 2646 si
608 2590 721 2646 tamen
749 2573 827 2646 haec
849 2571 917 2646 vita
937 2596 999 2671 ap-

146 2687 307 2788 pellanda
323 2692 400 2762 est?
418 2691 550 2761 Vellem
569 2713 638 2786 ego
656 2687 797 2762 omnino
815 2688 997 2787 perficere,
1013 2721 1043 2758 ιο

145 2804 227 2879 satis
252 2804 342 2878 enim
361 2829 535 2902 superque
551 2803 637 2890 vixi;
657 2820 743 2903 opto
761 2829 782 2877 e
799 2804 867 2878 vita
892 2828 997 2878 exce-

146 2919 240 2994 dere.
260 2922 393 2993 Vellem
421 2918 558 2993 tandem
585 2919 638 2992 his
664 2918 818 2993 maximis
841 2918 998 3017 gravissi·

146 3035 280 3133 misque
289 3035 379 3109 curis
389 3036 490 3108 finem
501 3034 689 3132 imponere.
707 3033 768 3107 Dii
778 3035 877 3108 boni!
894 3060 996 3132 quam

145 3167 218 3224 atra
231 3149 312 3222 mihi
330 3148 406 3224 dies
418 3166 454 3223 et
467 3149 755 3224 turbulentissima
766 3149 838 3225 visa
849 3165 913 3240 est,
928 3174 997 3246 qua

146 3290 232 3364 puer
248 3282 325 3339 tuus
341 3290 362 3338 a
379 3290 435 3338 me
452 3281 505 3339 est
522 3266 708 3364 profectus.
729 3267 804 3363 Ego
817 3289 838 3339 e
850 3264 997 3363 vestigio
1012 3301 1038 3351 ις

146 3396 226 3479 post
243 3380 316 3455 eius
333 3379 522 3456 discessum
541 3382 588 3456 ob
607 3405 678 3455 rem
697 3380 843 3455 divinam
866 3379 997 3454 faciun-

146 3495 237 3588 dam,
264 3512 300 3571 ut
324 3522 435 3571 essem
463 3523 529 3571 una
558 3522 636 3572 cum
667 3496 801 3597 reliquo
825 3521 995 3572 sacrarum
