2820 4680
803 563 857 620 ¹04

402 718 453 794 sui
470 719 566 793 obliti
581 720 744 809 honores,
762 718 906 808 divitias,
925 717 1112 803 clientelas,
1132 741 1254 792 neces-

401 833 567 910 situdines
593 850 896 932 contempserunt3
924 835 988 909 hos
1005 833 1172 930 sequeris,
1191 834 1254 908 hos

403 949 551 1025 imitaris.
572 951 647 1048 Ego
665 949 752 1024 inter
768 948 936 1023 secularia
964 949 1102 1046 negotia
1119 972 1255 1046 mergor

402 1082 439 1141 et
468 1082 549 1141 tunc
584 1066 616 1139 in
652 1065 901 1164 magistratibus
939 1065 1089 1163 optimus
1123 1064 1254 1155 videor,

377 1181 544 1281 cquando
578 1181 890 1257 iurisconsultorum
926 1180 1059 1278 iegibus
1089 1206 1145 1255 me
1170 1206 1255 1255 con-

403 1297 507 1374 tineo.
552 1300 607 1373 Tu
642 1297 818 1372 virtutibus
848 1297 974 1395 florens
1013 1296 1105 1371 vanis
1131 1297 1256 1372 lebori-

403 1415 466 1489 bus
492 1413 615 1489 nostris
636 1412 745 1489 doles.
773 1411 907 1487 Idcirco
983 1411 1155 1485 ..iudico
1178 1411 1255 1486 osii·

403 1528 458 1603 cin
484 1553 562 1603 mea
585 1528 722 1603 silentio
749 1528 928 1603 continere
954 1552 1055 1623 quam
1078 1526 1257 1626 loquendo

404 1634 566 1743 pietatem
594 1661 687 1718 tuam
707 1668 856 1718 movere.
879 1644 969 1718 Nam
988 1643 1154 1740 quicquid
1173 1667 1257 1717 con-

362 1790 392 1826 ιο
404 1777 456 1836 tra
471 1761 599 1858 scripta
612 1778 669 1835 tua
686 1784 842 1850 conarer,
862 1759 975 1857 potius
993 1760 1252 1833 contentionem

405 1901 507 1975 quem
525 1876 702 1951 veritatem
721 1892 867 1973 pareret.
891 1876 1008 1949 Verba
1025 1892 1082 1949 tua
1099 1874 1202 1948 audio
1219 1892 1255 1948 et

405 1992 519 2067 leudo.
566 1994 695 2067 Fateor
728 2008 930 2089 potestates,
966 1992 1079 2065 fasces
1113 1989 1258 2088 impedi-

407 2124 524 2183 mento
551 2132 640 2197 esse,
667 2107 841 2206 tutiusque
872 2107 958 2181 inter
985 2105 1085 2180 maris
1111 2107 1257 2180 fluctuo-

405 2223 554 2299 sissimas
584 2240 808 2320 tempestates
837 2223 1033 2321 navigamus
1051 2248 1153 2319 quam
1172 2222 1259 2298 inter

365 2364 390 2417 ¹5
407 2337 617 2437 principatus
626 2338 855 2413 Christianam
865 2337 1141 2413 vitemducimus.
1153 2341 1258 2413 Sanc-

407 2470 477 2529 tum
503 2470 557 2529 est
582 2471 675 2528 tuum
701 2453 919 2528 desiderium.
948 2453 1018 2528 Sed
1045 2453 1162 2551 quoad
1189 2479 1258 2528 non

406 2569 500 2643 cedo
525 2571 696 2668 paululum
723 2568 869 2666 publicis
892 2570 1098 2659 muneribus,
1116 2568 1160 2644 ad
1178 2596 1258 2667 quae

407 2702 504 2761 nctus
528 2709 606 2760 esse
632 2684 763 2774 videor,
789 2683 890 2759 etad
909 2685 1111 2783 portandam
1130 2685 1257 2759 domini

407 2800 512 2877 nostri
542 2802 636 2875 Yesu
668 2799 797 2875 Christi
819 2825 959 2875 crucem
983 2824 1039 2874 me
1065 2804 1258 2874 converto?

364 2941 396 2978 20
406 2917 541 2991 Vereor
566 2940 610 2989 ne
638 2916 737 2991 labor
763 2932 879 2991 noster
897 2915 1006 2989 irritus
1023 2915 1076 3004 sit,
1095 2915 1257 3011 quoniam

407 3055 563 3130 asperam
574 3047 610 3106 et
627 3031 799 3107 insuavem
817 3031 947 3106 dommi
966 3029 1054 3104 viam
1069 3029 1139 3103 fieri
1162 3032 1258 3128 Hye-

408 3146 557 3222 ronimus
594 3147 638 3223 ad
668 3147 874 3223 Cellantiam
905 3145 1040 3243 scripsit
1073 3145 1255 3255 vetitorum

455 3355 490 3420 (2)
506 3364 717 3420 comptenserunt
734 3357 764 3407 e
798 3357 831 3420 (ς.
842 3357 866 3421 6)
878 3369 919 3406 me
933 3356 1069 3406 contineor
1084 3356 1115 3407 C.
1165 3357 1198 3421 (9.
1221 3358 1258 3419 ιο)

408 3438 508 3498 contre]
529 3450 605 3499 quem
632 3436 662 3486 C
702 3436 752 3501 (ιι)
776 3437 856 3486 casses
873 3436 903 3487 C.
937 3435 988 3500 (ιγ)
1005 3436 1123 3497 publiciis
1141 3437 1163 3484 tn
1182 3437 1259 3485 uteri·

408 3517 456 3566 bus
475 3517 505 3567 (ἰ
