2820 4680
826 594 882 656 ³¹0

409 775 481 824 rum
513 768 607 824 tanta
631 768 685 824 est
712 750 743 822 in
771 750 840 822 hoc
866 766 1004 846 reperta
1029 748 1214 837 temeritas,
1242 765 1278 821 ut

423 889 503 938 cum
517 865 666 939 excelsis
682 864 814 939 vatibus
829 864 945 938 metris
957 882 1056 962 rupta
1069 864 1183 938 lronte
1200 888 1278 937 cre-

425 979 574 1053 diderint
591 1005 696 1078 posse
713 979 938 1054 contendere.
961 982 1044 1053 l-loc
1063 979 1162 1078 igitur
1179 1004 1201 1052 a
1222 1005 1279 1052 me

426 1120 494 1169 non
520 1095 724 1170 adulationis
741 1095 804 1169 sed
826 1096 1000 1169 relationis
1026 1120 1121 1170 more
1147 1094 1279 1168 dictum

399 1228 518 1308 sputa,
538 1228 573 1284 ut
591 1210 681 1284 idem
699 1210 836 1309 spiritus
862 1229 938 1284 tuus
963 1210 1131 1309 propitior
1155 1209 1280 1284 arden·

426 1327 563 1424 tiorque
589 1326 699 1400 lactus
726 1327 758 1399 in
784 1325 860 1399 dies
886 1326 1061 1424 inceptum
1088 1325 1191 1399 divini
1211 1326 1279 1398 Eli·

426 1441 548 1515 chonis
565 1440 610 1515 ad
627 1440 774 1515 studium
801 1441 968 1515 animetur
994 1457 1030 1514 et
1056 1441 1193 1515 tandem
1221 1442 1280 1514 illo

426 1556 586 1654 perlecto
595 1556 784 1654 Caliopeas
797 1581 895 1630 arces
909 1555 1038 1630 intenta
1050 1555 1278 1630 conscendas.

344 1735 345 1738 ,
428 1671 526 1773 Quid
549 1697 685 1770 nempe,
706 1672 738 1744 ni
765 1672 902 1771 refugis,
925 1689 983 1747 tua
1004 1672 1141 1746 demum
1161 1696 1280 1770 perse·

385 1822 415 1858 10
428 1787 1008 1885 verantiaconsequitur?Ceterum
1020 1790 1109 1862 utab
1118 1787 1195 1886 ipso
1204 1812 1281 1860 ver·

428 1904 611 1977 siculorum
622 1919 756 1975 tuorum
767 1920 940 2002 conceptu
955 1928 1121 2001 responsa
1133 1928 1282 2000 compo-

429 2043 514 2092 nens
535 2017 705 2107 exordiar,
724 2017 845 2091 videor
870 2019 1016 2093 maxima
1041 2037 1156 2092 mente
1182 2018 1280 2115 quasi

429 2133 475 2207 de
506 2134 641 2207 lortuna
671 2135 748 2208 haec
774 2134 964 2209 summatim
987 2134 1096 2233 queri,
1128 2159 1189 2207 cur
1218 2159 1281 2207 no-

430 2249 482 2322 bis
507 2247 599 2322 landi
626 2248 772 2322 invicem
790 2252 888 2324 locus
906 2275 973 2322 non
992 2266 1098 2340 extet,
1117 2274 1178 2323 cur
1195 2249 1281 2322 dex·

387 2381 513 2450 151&ae
556 2363 718 2461 iungendi
756 2363 933 2439 dexteram
968 2367 1101 2439 sublata
1139 2365 1283 2439 facultas

429 2478 565 2570 existat,
591 2477 758 2577 quodque
785 2505 848 2553 nos
877 2478 1019 2569 visendi,
1038 2480 1084 2554 de
1114 2479 1283 2553 Criseidis

429 2610 555 2669 nostrae
566 2593 717 2668 moribus
726 2612 761 2668 et
774 2594 928 2693 potentia
941 2594 1130 2669 disserendi
1148 2612 1284 2670 assueta

428 2709 627 2784 vicissitudo
657 2710 809 2784 similiter
849 2709 1012 2809 adempta
1048 2711 1100 2784 sit.
1139 2711 1281 2784 Dictum

429 2842 522 2898 tuum
548 2850 767 2924 summopere
793 2827 1002 2900 delectabile
1020 2843 1077 2901 tua
1102 2826 1225 2901 eadem
1244 2827 1283 2898 li-

384 2974 417 3011 20
430 2956 503 3014 tera
512 2941 723 3031 continebat,
737 2943 885 3016 alacrem
899 2941 1039 3038 quidem
1053 2959 1089 3015 et
1099 2941 1283 3016 iocundam

432 3056 676 3154 Magdalenam
699 3075 848 3132 nostram
866 3058 974 3131 literae
1000 3058 1187 3156 praemissae
1214 3074 1284 3132 tuae

430 3196 469 3246 se
495 3198 563 3245 non
582 3172 765 3247 immunem
786 3173 907 3248 allerre
925 3174 1084 3262 voluisse,
1112 3174 1208 3248 cuius
1233 3174 1283 3246 rei

479 3389 513 3455 (ι)
539 3394 625 3442 rectu?
658 3392 691 3454 (2.
713 3391 735 3455 ς)
755 3392 895 3442 crediderit
920 3393 950 3443 C.
982 3394 1017 3457 (3)
1035 3394 1101 3442 lloec
1117 3392 1147 3442 C.
1181 3391 1229 3454 (ις)
1248 3394 1284 3442 lu·

432 3469 508 3531 gendi
526 3470 556 3519 G
598 3471 706 3536 (16.17)
733 3472 842 3522 Criseldi
859 3474 937 3522 nostri
960 3472 990 3522 C.
1032 3472 1081 3535 (17)
1100 3471 1231 3521 diserendl
1252 3472 1282 3522 C.

432 3548 482 3615 (ιθ)
496 3548 592 3610 adepta
608 3551 639 3619 C3
673 3552 721 3614 (ιφ)
739 3566 841 3600 sumere
857 3552 887 3602 C.
