<?xml version="1.0" encoding="UTF-8"?>
<!DOCTYPE html PUBLIC "-//W3C//DTD XHTML 1.0 Transitional//EN"
    "http://www.w3.org/TR/xhtml1/DTD/xhtml1-transitional.dtd">
<html xmlns="http://www.w3.org/1999/xhtml" xml:lang="en" lang="en">
 <head>
  <title>
</title>
<meta http-equiv="Content-Type" content="text/html;charset=utf-8" />
  <meta name='ocr-system' content='tesseract 3.04.00' />
  <meta name='ocr-capabilities' content='ocr_page ocr_carea ocr_par ocr_line ocrx_word'/>
</head>
<body>
  <div class='ocr_page' id='page_1' title='image "./isotnogarolvero01nogagoog/isotnogarolvero01nogagoog_0186.png"; bbox 0 0 2814 5116; ppageno 0'>
   <div class='ocr_carea' id='block_1_1' title="bbox 533 1003 583 1066">
    <p class='ocr_par' dir='ltr' id='par_1_1' title="bbox 533 1003 583 1066">
     <span class='ocr_line' id='line_1_1' title="bbox 533 1003 583 1066; baseline -0.02 0"><span class='ocrx_word' id='word_1_1' title='bbox 533 1003 583 1066; x_wconf 77' lang='lat'>¹75</span> 
     </span>
    </p>
   </div>
   <div class='ocr_carea' id='block_1_2' title="bbox 110 1158 1023 3803">
    <p class='ocr_par' dir='ltr' id='par_1_2' title="bbox 110 1158 1023 3803">
     <span class='ocr_line' id='line_1_2' title="bbox 130 1158 982 1255; baseline -0.006 -24"><span class='ocrx_word' id='word_1_2' title='bbox 130 1177 376 1255; x_wconf 84' lang='lat' dir='ltr'>pugnatorem,</span> <span class='ocrx_word' id='word_1_3' title='bbox 419 1158 660 1239; x_wconf 79' lang='lat' dir='ltr'>defensorem,</span> <span class='ocrx_word' id='word_1_4' title='bbox 704 1172 982 1229; x_wconf 82' lang='lat' dir='ltr'>conservatorem</span> 
     </span>
     <span class='ocr_line' id='line_1_3' title="bbox 129 1271 984 1371; baseline -0.002 -26"><span class='ocrx_word' id='word_1_5' title='bbox 129 1298 250 1346; x_wconf 91' lang='lat' dir='ltr'>omnes</span> <span class='ocrx_word' id='word_1_6' title='bbox 289 1292 460 1371; x_wconf 85' lang='lat' dir='ltr'><strong>tamquam</strong></span> <span class='ocrx_word' id='word_1_7' title='bbox 496 1299 517 1346; x_wconf 96' lang='lat' dir='ltr'>e</span> <span class='ocrx_word' id='word_1_8' title='bbox 551 1275 641 1346; x_wconf 85' lang='lat' dir='ltr'>caelo</span> <span class='ocrx_word' id='word_1_9' title='bbox 677 1271 811 1344; x_wconf 91' lang='lat' dir='ltr'>missurn</span> <span class='ocrx_word' id='word_1_10' title='bbox 847 1297 984 1369; x_wconf 84' lang='lat' dir='ltr'>semper</span> 
     </span>
     <span class='ocr_line' id='line_1_4' title="bbox 128 1388 983 1487; baseline -0.001 -25"><span class='ocrx_word' id='word_1_11' title='bbox 128 1391 312 1487; x_wconf 82' lang='lat' dir='ltr'>appellent.</span> <span class='ocrx_word' id='word_1_12' title='bbox 324 1390 441 1463; x_wconf 89' lang='lat' dir='ltr'>Testis</span> <span class='ocrx_word' id='word_1_13' title='bbox 458 1407 511 1462; x_wconf 90' lang='lat' dir='ltr'>est</span> <span class='ocrx_word' id='word_1_14' title='bbox 529 1388 679 1486; x_wconf 89' lang='lat' dir='ltr'>denique</span> <span class='ocrx_word' id='word_1_15' title='bbox 691 1388 783 1461; x_wconf 90' lang='lat' dir='ltr'>ltalia</span> <span class='ocrx_word' id='word_1_16' title='bbox 793 1404 875 1475; x_wconf 88' lang='lat' dir='ltr'>tota,</span> <span class='ocrx_word' id='word_1_17' title='bbox 886 1389 983 1462; x_wconf 90' lang='lat' dir='ltr'>cuius</span> 
     </span>
     <span class='ocr_line' id='line_1_5' title="bbox 128 1504 981 1603; baseline -0.001 -25"><span class='ocrx_word' id='word_1_18' title='bbox 128 1505 303 1603; x_wconf 89' lang='lat' dir='ltr'>imperium</span> <span class='ocrx_word' id='word_1_19' title='bbox 323 1524 379 1579; x_wconf 92' lang='lat' dir='ltr'>tua</span> <span class='ocrx_word' id='word_1_20' title='bbox 396 1505 552 1602; x_wconf 83' lang='lat' dir='ltr'>singulari</span> <span class='ocrx_word' id='word_1_21' title='bbox 571 1505 692 1578; x_wconf 89' lang='lat' dir='ltr'>virtute</span> <span class='ocrx_word' id='word_1_22' title='bbox 710 1521 744 1576; x_wconf 93' lang='lat' dir='ltr'>et</span> <span class='ocrx_word' id='word_1_23' title='bbox 764 1504 981 1600; x_wconf 84' lang='lat' dir='ltr'>magnanimi-</span> 
     </span>
     <span class='ocr_line' id='line_1_6' title="bbox 127 1620 1023 1719; baseline -0.003 -26"><span class='ocrx_word' id='word_1_24' title='bbox 127 1638 206 1705; x_wconf 85' lang='lat' dir='ltr'>tate,</span> <span class='ocrx_word' id='word_1_25' title='bbox 226 1622 423 1719; x_wconf 89' lang='lat' dir='ltr'>dignitatem</span> <span class='ocrx_word' id='word_1_26' title='bbox 452 1622 733 1718; x_wconf 88' lang='lat' dir='ltr'>maiestatemque</span> <span class='ocrx_word' id='word_1_27' title='bbox 755 1621 905 1705; x_wconf 87' lang='lat' dir='ltr'>servasti,</span> <span class='ocrx_word' id='word_1_28' title='bbox 924 1620 979 1696; x_wconf 85' lang='lat' dir='ltr'>cui</span> <span class='ocrx_word' id='word_1_29' title='bbox 1015 1652 1023 1690; x_wconf 68' lang='lat' dir='ltr'>r</span> 
     </span>
     <span class='ocr_line' id='line_1_7' title="bbox 126 1736 977 1835; baseline -0.001 -25"><span class='ocrx_word' id='word_1_30' title='bbox 126 1762 260 1833; x_wconf 86' lang='lat' dir='ltr'>pacem,</span> <span class='ocrx_word' id='word_1_31' title='bbox 295 1738 457 1835; x_wconf 88' lang='lat' dir='ltr'>quietem,</span> <span class='ocrx_word' id='word_1_32' title='bbox 485 1736 611 1809; x_wconf 88' lang='lat' dir='ltr'>dehinc</span> <span class='ocrx_word' id='word_1_33' title='bbox 645 1736 764 1821; x_wconf 88' lang='lat' dir='ltr'>decus,</span> <span class='ocrx_word' id='word_1_34' title='bbox 800 1737 977 1825; x_wconf 87' lang='lat' dir='ltr'>honorem,</span> 
     </span>
     <span class='ocr_line' id='line_1_8' title="bbox 125 1851 977 1926; baseline 0.002 -2"><span class='ocrx_word' id='word_1_35' title='bbox 125 1853 314 1926; x_wconf 86' lang='lat' dir='ltr'>libertatem</span> <span class='ocrx_word' id='word_1_36' title='bbox 342 1852 522 1926; x_wconf 88' lang='lat' dir='ltr'>restituisti.</span> <span class='ocrx_word' id='word_1_37' title='bbox 558 1854 626 1924; x_wconf 83' lang='lat' dir='ltr'>Pro</span> <span class='ocrx_word' id='word_1_38' title='bbox 652 1851 879 1924; x_wconf 88' lang='lat' dir='ltr'>acerbissimis</span> <span class='ocrx_word' id='word_1_39' title='bbox 905 1855 977 1926; x_wconf 91' lang='lat' dir='ltr'>luc-</span> 
     </span>
     <span class='ocr_line' id='line_1_9' title="bbox 124 1966 974 2066; baseline 0 -26"><span class='ocrx_word' id='word_1_40' title='bbox 124 1968 224 2053; x_wconf 86' lang='lat' dir='ltr'>tibus,</span> <span class='ocrx_word' id='word_1_41' title='bbox 260 1994 323 2066; x_wconf 95' lang='lat' dir='ltr'>pro</span> <span class='ocrx_word' id='word_1_42' title='bbox 357 1968 513 2042; x_wconf 84' lang='lat' dir='ltr'>caedibus</span> <span class='ocrx_word' id='word_1_43' title='bbox 546 1967 681 2052; x_wconf 83' lang='lat' dir='ltr'>civium,</span> <span class='ocrx_word' id='word_1_44' title='bbox 709 1992 772 2063; x_wconf 93' lang='lat' dir='ltr'>pro</span> <span class='ocrx_word' id='word_1_45' title='bbox 794 1966 974 2041; x_wconf 91' lang='lat' dir='ltr'>domorum</span> 
     </span>
     <span class='ocr_line' id='line_1_10' title="bbox 124 2082 973 2180; baseline 0.001 -24"><span class='ocrx_word' id='word_1_46' title='bbox 124 2083 300 2169; x_wconf 90' lang='lat' dir='ltr'>incendiis,</span> <span class='ocrx_word' id='word_1_47' title='bbox 316 2109 379 2180; x_wconf 96' lang='lat' dir='ltr'>pro</span> <span class='ocrx_word' id='word_1_48' title='bbox 397 2083 633 2157; x_wconf 89' lang='lat' dir='ltr'>vexationibus</span> <span class='ocrx_word' id='word_1_49' title='bbox 651 2082 825 2179; x_wconf 86' lang='lat' dir='ltr'>virginum,</span> <span class='ocrx_word' id='word_1_50' title='bbox 844 2108 973 2180; x_wconf 87' lang='lat' dir='ltr'>prova-</span> 
     </span>
     <span class='ocr_line' id='line_1_11' title="bbox 121 2199 1020 2297; baseline -0.004 -27"><span class='ocrx_word' id='word_1_51' title='bbox 121 2199 234 2271; x_wconf 89' lang='lat' dir='ltr'>stitate</span> <span class='ocrx_word' id='word_1_52' title='bbox 257 2200 398 2287; x_wconf 91' lang='lat' dir='ltr'>urbium,</span> <span class='ocrx_word' id='word_1_53' title='bbox 414 2225 477 2297; x_wconf 91' lang='lat' dir='ltr'>pro</span> <span class='ocrx_word' id='word_1_54' title='bbox 495 2199 587 2272; x_wconf 91' lang='lat' dir='ltr'>omni</span> <span class='ocrx_word' id='word_1_55' title='bbox 600 2224 730 2295; x_wconf 86' lang='lat' dir='ltr'>genere</span> <span class='ocrx_word' id='word_1_56' title='bbox 751 2199 973 2274; x_wconf 78' lang='lat' dir='ltr'>atrocissimae</span> <span class='ocrx_word' id='word_1_57' title='bbox 992 2231 1020 2267; x_wconf 82' lang='grc' dir='ltr'>ιο</span> 
     </span>
     <span class='ocr_line' id='line_1_12' title="bbox 121 2314 970 2400; baseline 0.001 -14"><span class='ocrx_word' id='word_1_58' title='bbox 121 2315 289 2388; x_wconf 86' lang='lat' dir='ltr'>servitutis</span> <span class='ocrx_word' id='word_1_59' title='bbox 324 2315 535 2400; x_wconf 89' lang='lat' dir='ltr'>hilaritatem,</span> <span class='ocrx_word' id='word_1_60' title='bbox 563 2316 716 2398; x_wconf 88' lang='lat' dir='ltr'>salutem,</span> <span class='ocrx_word' id='word_1_61' title='bbox 748 2314 970 2388; x_wconf 86' lang='lat' dir='ltr'>concordiam</span> 
     </span>
     <span class='ocr_line' id='line_1_13' title="bbox 121 2429 970 2527; baseline 0.006 -25"><span class='ocrx_word' id='word_1_62' title='bbox 121 2448 173 2502; x_wconf 85' lang='lat' dir='ltr'>est</span> <span class='ocrx_word' id='word_1_63' title='bbox 190 2448 389 2504; x_wconf 90' lang='lat' dir='ltr'>consecuta.</span> <span class='ocrx_word' id='word_1_64' title='bbox 412 2433 523 2504; x_wconf 89' lang='lat' dir='ltr'>Multa</span> <span class='ocrx_word' id='word_1_65' title='bbox 541 2429 679 2527; x_wconf 91' lang='lat' dir='ltr'>quidem</span> <span class='ocrx_word' id='word_1_66' title='bbox 699 2430 764 2503; x_wconf 88' lang='lat' dir='ltr'>alia</span> <span class='ocrx_word' id='word_1_67' title='bbox 783 2449 970 2507; x_wconf 89' lang='lat' dir='ltr'>memoratu</span> 
     </span>
     <span class='ocr_line' id='line_1_14' title="bbox 119 2544 971 2644; baseline 0.005 -28"><span class='ocrx_word' id='word_1_68' title='bbox 119 2544 222 2641; x_wconf 86' lang='lat' dir='ltr'>digna</span> <span class='ocrx_word' id='word_1_69' title='bbox 252 2565 435 2642; x_wconf 86' lang='lat' dir='ltr'>praetere0,</span> <span class='ocrx_word' id='word_1_70' title='bbox 463 2546 622 2644; x_wconf 90' lang='lat' dir='ltr'>quoniam</span> <span class='ocrx_word' id='word_1_71' title='bbox 644 2572 710 2619; x_wconf 95' lang='lat' dir='ltr'>non</span> <span class='ocrx_word' id='word_1_72' title='bbox 729 2563 782 2619; x_wconf 86' lang='lat' dir='ltr'>est</span> <span class='ocrx_word' id='word_1_73' title='bbox 800 2547 856 2620; x_wconf 88' lang='lat' dir='ltr'>hic</span> <span class='ocrx_word' id='word_1_74' title='bbox 874 2573 971 2620; x_wconf 93' lang='lat' dir='ltr'>com-</span> 
     </span>
     <span class='ocr_line' id='line_1_15' title="bbox 120 2661 970 2759; baseline 0.006 -28"><span class='ocrx_word' id='word_1_75' title='bbox 120 2662 330 2734; x_wconf 87' lang='lat' dir='ltr'>memorandi</span> <span class='ocrx_word' id='word_1_76' title='bbox 359 2687 472 2759; x_wconf 90' lang='lat' dir='ltr'>neque</span> <span class='ocrx_word' id='word_1_77' title='bbox 495 2661 666 2735; x_wconf 88' lang='lat' dir='ltr'>scribendi</span> <span class='ocrx_word' id='word_1_78' title='bbox 687 2665 784 2735; x_wconf 89' lang='lat' dir='ltr'>locus</span> <span class='ocrx_word' id='word_1_79' title='bbox 801 2681 837 2735; x_wconf 89' lang='lat' dir='ltr'>et</span> <span class='ocrx_word' id='word_1_80' title='bbox 856 2679 970 2736; x_wconf 87' lang='lat' dir='ltr'>nostra</span> 
     </span>
     <span class='ocr_line' id='line_1_16' title="bbox 118 2776 1011 2863; baseline 0 -14"><span class='ocrx_word' id='word_1_81' title='bbox 118 2776 318 2850; x_wconf 90' lang='lat' dir='ltr'>conditione</span> <span class='ocrx_word' id='word_1_82' title='bbox 333 2779 410 2851; x_wconf 88' lang='lat' dir='ltr'>lraec</span> <span class='ocrx_word' id='word_1_83' title='bbox 425 2778 535 2851; x_wconf 93' lang='lat' dir='ltr'>aliena</span> <span class='ocrx_word' id='word_1_84' title='bbox 548 2777 773 2851; x_wconf 89' lang='lat' dir='ltr'>existimanda</span> <span class='ocrx_word' id='word_1_85' title='bbox 787 2796 874 2863; x_wconf 90' lang='lat' dir='ltr'>sunt,</span> <span class='ocrx_word' id='word_1_86' title='bbox 889 2804 967 2852; x_wconf 93' lang='lat' dir='ltr'>cum</span> <span class='ocrx_word' id='word_1_87' title='bbox 987 2809 1011 2849; x_wconf 67' lang='lat' dir='ltr'>rr</span> 
     </span>
     <span class='ocr_line' id='line_1_17' title="bbox 118 2892 965 2991; baseline 0.005 -29"><span class='ocrx_word' id='word_1_88' title='bbox 118 2893 195 2965; x_wconf 89' lang='lat' dir='ltr'>haec</span> <span class='ocrx_word' id='word_1_89' title='bbox 225 2892 302 2981; x_wconf 87' lang='lat' dir='ltr'>vita,</span> <span class='ocrx_word' id='word_1_90' title='bbox 331 2894 386 2966; x_wconf 88' lang='lat' dir='ltr'>hic</span> <span class='ocrx_word' id='word_1_91' title='bbox 413 2919 514 2967; x_wconf 90' lang='lat' dir='ltr'>sexus</span> <span class='ocrx_word' id='word_1_92' title='bbox 544 2894 630 2967; x_wconf 91' lang='lat' dir='ltr'>alios</span> <span class='ocrx_word' id='word_1_93' title='bbox 661 2920 774 2967; x_wconf 88' lang='lat' dir='ltr'>mores</span> <span class='ocrx_word' id='word_1_94' title='bbox 805 2897 965 2991; x_wconf 88' lang='lat' dir='ltr'>postulet.</span> 
     </span>
     <span class='ocr_line' id='line_1_18' title="bbox 120 3008 965 3106; baseline 0.007 -29"><span class='ocrx_word' id='word_1_95' title='bbox 120 3009 210 3080; x_wconf 88' lang='lat' dir='ltr'>l·laec</span> <span class='ocrx_word' id='word_1_96' title='bbox 226 3008 364 3105; x_wconf 89' lang='lat' dir='ltr'>quidem</span> <span class='ocrx_word' id='word_1_97' title='bbox 379 3034 487 3106; x_wconf 88' lang='lat' dir='ltr'>opera</span> <span class='ocrx_word' id='word_1_98' title='bbox 497 3011 662 3106; x_wconf 88' lang='lat' dir='ltr'>praeclara</span> <span class='ocrx_word' id='word_1_99' title='bbox 675 3011 965 3106; x_wconf 86' lang='lat' dir='ltr'>suntetgloriosa,</span> 
     </span>
     <span class='ocr_line' id='line_1_19' title="bbox 116 3123 965 3202; baseline 0.013 -11"><span class='ocrx_word' id='word_1_100' title='bbox 116 3147 230 3194; x_wconf 89' lang='lat' dir='ltr'>verum</span> <span class='ocrx_word' id='word_1_101' title='bbox 259 3123 291 3194; x_wconf 92' lang='lat' dir='ltr'>in</span> <span class='ocrx_word' id='word_1_102' title='bbox 318 3124 367 3197; x_wconf 90' lang='lat' dir='ltr'>eis</span> <span class='ocrx_word' id='word_1_103' title='bbox 393 3142 450 3197; x_wconf 88' lang='lat' dir='ltr'>aut</span> <span class='ocrx_word' id='word_1_104' title='bbox 476 3124 586 3197; x_wconf 89' lang='lat' dir='ltr'>aliena</span> <span class='ocrx_word' id='word_1_105' title='bbox 613 3125 714 3198; x_wconf 90' lang='lat' dir='ltr'>virtus</span> <span class='ocrx_word' id='word_1_106' title='bbox 740 3142 798 3199; x_wconf 90' lang='lat' dir='ltr'>aut</span> <span class='ocrx_word' id='word_1_107' title='bbox 820 3126 965 3202; x_wconf 87' lang='lat' dir='ltr'>lortunae</span> 
     </span>
     <span class='ocr_line' id='line_1_20' title="bbox 114 3236 965 3338; baseline 0.008 -31"><span class='ocrx_word' id='word_1_108' title='bbox 114 3236 163 3309; x_wconf 88' lang='lat' dir='ltr'>vis</span> <span class='ocrx_word' id='word_1_109' title='bbox 190 3237 352 3326; x_wconf 88' lang='lat' dir='ltr'>laudatur,</span> <span class='ocrx_word' id='word_1_110' title='bbox 381 3240 553 3336; x_wconf 89' lang='lat' dir='ltr'>quoniam,</span> <span class='ocrx_word' id='word_1_111' title='bbox 582 3257 617 3313; x_wconf 93' lang='lat' dir='ltr'>ut</span> <span class='ocrx_word' id='word_1_112' title='bbox 644 3241 751 3338; x_wconf 92' lang='lat' dir='ltr'>inquit</span> <span class='ocrx_word' id='word_1_113' title='bbox 773 3241 840 3325; x_wconf 92' lang='lat' dir='ltr'>ille,</span> <span class='ocrx_word' id='word_1_114' title='bbox 860 3241 965 3314; x_wconf 85' lang='lat' dir='ltr'>maxi-</span> 
     </span>
     <span class='ocr_line' id='line_1_21' title="bbox 117 3356 1010 3453; baseline 0 -28"><span class='ocrx_word' id='word_1_115' title='bbox 117 3378 204 3426; x_wconf 89' lang='lat' dir='ltr'>mam</span> <span class='ocrx_word' id='word_1_116' title='bbox 224 3372 354 3450; x_wconf 90' lang='lat' dir='ltr'>partem</span> <span class='ocrx_word' id='word_1_117' title='bbox 374 3356 469 3453; x_wconf 90' lang='lat' dir='ltr'>quasi</span> <span class='ocrx_word' id='word_1_118' title='bbox 488 3381 551 3429; x_wconf 94' lang='lat' dir='ltr'>suo</span> <span class='ocrx_word' id='word_1_119' title='bbox 570 3357 640 3430; x_wconf 92' lang='lat' dir='ltr'>iure</span> <span class='ocrx_word' id='word_1_120' title='bbox 660 3357 793 3430; x_wconf 87' lang='lat' dir='ltr'>sortuna</span> <span class='ocrx_word' id='word_1_121' title='bbox 810 3357 873 3430; x_wconf 92' lang='lat' dir='ltr'>sibi</span> <span class='ocrx_word' id='word_1_122' title='bbox 893 3358 963 3430; x_wconf 88' lang='lat' dir='ltr'>vin·</span> <span class='ocrx_word' id='word_1_123' title='bbox 980 3391 1010 3425; x_wconf 66' lang='grc' dir='ltr'>ιο</span> 
     </span>
     <span class='ocr_line' id='line_1_22' title="bbox 112 3467 962 3570; baseline 0.008 -30"><span class='ocrx_word' id='word_1_124' title='bbox 112 3467 205 3541; x_wconf 90' lang='lat' dir='ltr'>dicat</span> <span class='ocrx_word' id='word_1_125' title='bbox 223 3485 259 3542; x_wconf 93' lang='lat' dir='ltr'>et</span> <span class='ocrx_word' id='word_1_126' title='bbox 280 3470 446 3569; x_wconf 90' lang='lat' dir='ltr'>quicquid</span> <span class='ocrx_word' id='word_1_127' title='bbox 464 3489 517 3544; x_wconf 88' lang='lat' dir='ltr'>est</span> <span class='ocrx_word' id='word_1_128' title='bbox 535 3497 701 3570; x_wconf 89' lang='lat' dir='ltr'>prospere</span> <span class='ocrx_word' id='word_1_129' title='bbox 718 3489 864 3570; x_wconf 87' lang='lat' dir='ltr'>gestum,</span> <span class='ocrx_word' id='word_1_130' title='bbox 884 3473 962 3548; x_wconf 87' lang='lat' dir='ltr'>hinc</span> 
     </span>
     <span class='ocr_line' id='line_1_23' title="bbox 111 3585 960 3686; baseline 0.005 -30"><span class='ocrx_word' id='word_1_131' title='bbox 111 3608 213 3681; x_wconf 82' lang='lat' dir='ltr'>paene</span> <span class='ocrx_word' id='word_1_132' title='bbox 226 3610 330 3659; x_wconf 90' lang='lat' dir='ltr'>omne</span> <span class='ocrx_word' id='word_1_133' title='bbox 348 3585 432 3659; x_wconf 89' lang='lat' dir='ltr'>dicit</span> <span class='ocrx_word' id='word_1_134' title='bbox 448 3612 554 3662; x_wconf 89' lang='lat' dir='ltr'>suum.</span> <span class='ocrx_word' id='word_1_135' title='bbox 578 3591 705 3686; x_wconf 91' lang='lat' dir='ltr'>Neque</span> <span class='ocrx_word' id='word_1_136' title='bbox 716 3592 803 3663; x_wconf 89' lang='lat' dir='ltr'>hanc</span> <span class='ocrx_word' id='word_1_137' title='bbox 815 3589 960 3677; x_wconf 88' lang='lat' dir='ltr'>laudem,</span> 
     </span>
     <span class='ocr_line' id='line_1_24' title="bbox 110 3699 959 3803; baseline 0.007 -31"><span class='ocrx_word' id='word_1_138' title='bbox 110 3699 207 3774; x_wconf 90' lang='lat' dir='ltr'>cuius</span> <span class='ocrx_word' id='word_1_139' title='bbox 219 3701 351 3776; x_wconf 90' lang='lat' dir='ltr'>socium</span> <span class='ocrx_word' id='word_1_140' title='bbox 367 3704 484 3792; x_wconf 88' lang='lat' dir='ltr'>habes,</span> <span class='ocrx_word' id='word_1_141' title='bbox 498 3705 670 3801; x_wconf 86' lang='lat' dir='ltr'>propriam</span> <span class='ocrx_word' id='word_1_142' title='bbox 684 3721 742 3778; x_wconf 91' lang='lat' dir='ltr'>aut</span> <span class='ocrx_word' id='word_1_143' title='bbox 752 3705 959 3803; x_wconf 91' lang='lat' dir='ltr'>peculiarem</span> 
     </span>
    </p>
   </div>
   <div class='ocr_carea' id='block_1_3' title="bbox 110 3883 960 4029">
    <p class='ocr_par' dir='ltr' id='par_1_3' title="bbox 110 3883 960 4029">
     <span class='ocr_line' id='line_1_25' title="bbox 157 3883 960 3959; baseline 0.016 -27"><span class='ocrx_word' id='word_1_144' title='bbox 157 3883 309 3944; x_wconf 78' lang='lat' dir='ltr'>(7laccerb.</span> <span class='ocrx_word' id='word_1_145' title='bbox 330 3887 358 3936; x_wconf 92' lang='lat' dir='ltr'>C.</span> <span class='ocrx_word' id='word_1_146' title='bbox 394 3888 442 3949; x_wconf 59' lang='grc' dir='ltr'>(ις)</span> <span class='ocrx_word' id='word_1_147' title='bbox 460 3890 681 3954; x_wconf 62' lang='lat' dir='ltr'>quoniamlquem</span> <span class='ocrx_word' id='word_1_148' title='bbox 700 3894 729 3943; x_wconf 90' lang='lat' dir='ltr'>C.</span> <span class='ocrx_word' id='word_1_149' title='bbox 764 3895 960 3959; x_wconf 59' lang='lat' dir='ltr'>(rolquonlamss</span> 
     </span>
     <span class='ocr_line' id='line_1_26' title="bbox 110 3965 456 4029; baseline 0.02 -18"><span class='ocrx_word' id='word_1_150' title='bbox 110 3965 225 4024; x_wconf 80' lang='lat' dir='ltr'>quemC.</span> <span class='ocrx_word' id='word_1_151' title='bbox 261 3966 456 4029; x_wconf 65' lang='lat' dir='ltr'>(aalsotiumc</span> 
     </span>
    </p>
   </div>
   <div class='ocr_carea' id='block_1_4' title="bbox 0 0 1412 5116">
    <p class='ocr_par' dir='ltr' id='par_1_4' title="bbox 0 0 1412 5116">
     <span class='ocr_line' id='line_1_27' title="bbox 0 0 1412 5116; baseline 0 10"><span class='ocrx_word' id='word_1_152' title='bbox 0 0 1412 5116; x_wconf 95' lang='lat' dir='ltr'> </span> 
     </span>
    </p>
   </div>
  </div>
 </body>
</html>
