2820 4680
582 912 771 984 LXXVlll.

435 1223 545 1286 (Rome,
564 1238 587 1272 a.
608 1223 746 1284 κει-μὲ
766 1223 885 1283 1457-62
895 1222 914 1282 ?)

249 1501 401 1576 Andreas
418 1499 605 1575 Contrarias
634 1501 770 1572 Venetos
787 1496 976 1571 clarissimae
992 1498 1104 1569 Isotlae

499 1614 679 1713 Nogoroloe
699 1615 732 1688 S.
752 1616 790 1687 P.
809 1616 858 1687 D.

261 1903 585 2258 &nemius
595 1922 736 2020 intelligi
747 1945 850 2018 quam
864 1919 1027 2019 explicari
1041 1944 1105 2017 po

464 2057 542 2130 test,
570 2042 674 2113 lsotia
692 2037 836 2125 illustris,
856 2060 959 2134 quam
981 2035 1106 2110 acriter

464 2154 509 2229 ad
542 2171 577 2227 te
607 2152 789 2228 amandum
821 2169 998 2250 permotus
1031 2150 1105 2239 sim,

254 2283 436 2366 postquam
473 2268 638 2367 proximis
667 2267 791 2342 diebus
821 2269 948 2342 Romae
978 2283 1106 2365 praeter

253 2382 452 2481 opinionem
479 2409 670 2482 pervenere
696 2384 740 2458 ad
767 2407 887 2458 manus
908 2406 1003 2457 mens
1020 2408 1106 2456 non·

254 2499 355 2572 nullae
381 2517 449 2573 tuae
476 2500 634 2598 epistolae
661 2498 776 2596 dignae
798 2499 959 2597 prolecto
976 2521 1153 2595 expec·1o

254 2613 384 2687 tatione
410 2631 478 2705 tue,
496 2615 620 2712 quibus
644 2614 743 2689 lectis
759 2613 889 2688 avidius
908 2612 1010 2688 sncile
1028 2638 1106 2711 per·

254 2729 364 2827 spexi,
391 2730 486 2826 quod
506 2729 729 2829 iampridem,
749 2728 860 2804 credo
882 2728 1035 2823 Venetiis
1052 2729 1106 2801 vel

257 2845 397 2935 Patavii,
428 2849 625 2944 complures
655 2846 767 2943 magni
797 2863 834 2920 et
869 2846 1013 2919 illustres
1047 2843 1106 2916 viri

254 2960 489 3035 studiosissimi
533 2987 643 3037 rerum
675 2978 805 3036 tuarum
842 2985 910 3034 non
940 2959 1013 3034 sine
1049 2976 1107 3032 tua

256 3075 383 3173 ingenti
409 3077 510 3151 leude
536 3095 572 3152 et
596 3077 707 3176 gloria
731 3076 777 3150 de
804 3094 838 3150 ie
865 3074 945 3148 mihi
972 3097 1106 3148 narrare
1123 3119 1148 3169 ,ς

255 3193 423 3265 solebant.
453 3194 528 3289 Ego
553 3210 667 3266 autem
693 3191 757 3265 etsi
783 3206 951 3264 tantorum
977 3188 1107 3264 doetis-

304 3420 376 3469 Exul
392 3420 416 3469 in
438 3420 514 3471 unico
529 3419 621 3471 codice
638 3420 803 3470 bibliothece
818 3420 930 3483 publica
947 3419 1017 3468 urbis
1030 3417 1108 3469 Senn-

256 3512 312 3549 rum
327 3499 374 3564 (S),
392 3500 417 3547 D
434 3500 476 3547 Vl.
495 3498 537 3547 inl.
552 3499 659 3562 signeto,
672 3513 733 3550 soc.
747 3499 957 3549 xvii-xvim.
981 3498 1030 3563 (16)
1039 3508 1107 3547 tnnc·

255 3586 341 3629 tuom
357 3578 383 3628 ε
