2820 4680
704 545 763 621 448

304 739 453 813 possem,
481 712 606 788 nedum
634 715 769 789 mittere
787 717 877 801 hanc
893 715 1034 788 domum
1052 731 1161 813 atque

303 833 367 904 hos
389 830 602 906 domesticos
628 831 787 929 parietes,
816 831 872 904 ubi
890 847 927 905 et
950 829 1068 928 genita
1084 845 1162 904 eta

303 945 419 1044 primis
436 945 614 1019 cunabulis
631 945 780 1020 educata
808 971 893 1036 sum,
920 945 983 1020 sed
1010 945 1160 1020 serarum

302 1061 365 1136 ritu
386 1060 429 1134 im
447 1086 579 1135 summa
596 1061 748 1160 penuria,
767 1061 869 1151 lame,
884 1060 1000 1160 inopia
1016 1078 1053 1136 et
1070 1061 1160 1135 cari-

276 1193 373 1262 state
392 1202 502 1251 rerum
521 1177 673 1251 omnium
699 1176 833 1251 omissis
850 1176 999 1275 egregiis
1017 1176 1161 1251 urbibus

301 1310 407 1391 atque
424 1292 690 1391 opulentissimis
715 1291 865 1391 oppidis,
879 1292 1035 1367 desertas
1060 1291 1160 1367 inco-

302 1409 407 1482 lerem
427 1408 551 1482 insulas
572 1424 630 1481 aut
656 1407 844 1481 habitarem
871 1407 903 1479 in
929 1407 1051 1505 opacis
1076 1431 1159 1504 spe-

302 1523 411 1597 luncis
424 1538 482 1598 aut
500 1523 532 1594 in
547 1522 639 1596 cavis
656 1522 835 1597 arboribus
849 1539 907 1596 aut
921 1522 954 1594 in
967 1538 1063 1595 vasta
1075 1522 1159 1596 soli-

302 1637 420 1713 tudine
437 1656 495 1713 ιιι
512 1637 665 1737 denique
682 1655 801 1737 prote,
812 1639 910 1712 cuius
930 1663 1003 1712 sum
1022 1654 1158 1736 perstu-

260 1788 290 1824 ιο
302 1754 411 1845 diosa,
429 1756 572 1828 salutem
598 1754 783 1853 vitamque,
801 1754 828 1828 si
851 1779 939 1852 opus
963 1770 1068 1844 esset,
1095 1779 1158 1827 ex-

301 1895 478 1968 ponerem.
496 1871 624 1968 Neque
634 1869 746 1967 magni
755 1869 960 1944 aestimarem
969 1870 1017 1942 ob
1026 1869 1157 1967 magni·

301 1985 453 2060 tudinem
473 2002 509 2060 et
525 1985 592 2058 vim
618 1985 744 2059 amoris
770 1984 802 2058 in
829 2003 863 2059 te
882 1986 960 2076 mei,
988 1984 1084 2084 quod
1110 1987 1157 2060 ab

301 2103 440 2177 ineunte
454 2101 598 2200 pueritia
606 2117 682 2174 orta
695 2101 864 2175 consulari
873 2126 1004 2199 genere
1017 2126 1158 2199 semper

302 2218 333 2292 in
352 2217 478 2291 delitiis
495 2216 635 2291 vixerim
654 2216 903 2315 creverimque‚
926 2215 990 2290 sed
1008 2233 1044 2289 ut
1061 2216 1155 2308 satis,

258 2366 284 2416 15
301 2334 345 2407 mi
363 2333 511 2423 Andrea,
529 2332 644 2407 animo
662 2350 722 2406 tuo
740 2332 903 2423 lacerem,
931 2331 1022 2406 haud
1048 2331 1155 2406 dubie

300 2467 429 2549 praesto
458 2474 531 2522 sum
557 2448 684 2522 omissa
714 2447 811 2522 inerti
838 2473 994 2546 vanaque
1020 2444 1158 2522 desidia

299 2564 415 2639 omnia
441 2562 661 2637 incommoda
686 2563 872 2660 omniaque
897 2561 1066 2661 supplicia
1092 2562 1155 2635 mi-

299 2679 440 2754 serrima
468 2694 574 2777 atque
608 2675 844 2752 crudelissima
877 2676 1155 2752 constantissime

298 2795 508 2892 viriliterque
532 2793 674 2868 sufferre
699 2811 736 2868 et
753 2794 898 2892 perpeti.
928 2796 1023 2895 Quae
1047 2793 1153 2884 enim,

255 2947 286 2982 ιο
299 2911 345 2984 dii
364 2911 589 2984 immortalesl
609 2909 738 2996 laetitia,
753 2935 833 3009 quae
847 2908 1038 2983 iucunditas
1052 2909 1156 2984 nobis

298 3051 376 3100 esse
395 3042 510 3123 potest
527 3025 601 3099 sine
619 3029 678 3099 tel
697 3024 840 3116 Moriar,
859 3049 938 3098 cum
953 3023 1034 3097 milri
1052 3023 1098 3098 de
1117 3041 1154 3100 te

297 3167 380 3217 cura
399 3167 466 3216 non
484 3159 547 3216 est.
572 3145 620 3216 lta
647 3166 702 3215 me
720 3140 766 3214 dii
793 3157 919 3230 ament,
939 3140 983 3213 mi
1001 3139 1152 3233 Andrea,

298 3259 345 3332 uti
363 3260 441 3332 haec
453 3283 499 3332 ex
511 3257 612 3333 animi
626 3256 796 3332 sententia
812 3259 947 3358 loquor,
961 3257 1152 3356 praesertim

346 3442 379 3506 (ς)
403 3443 489 3507 gregis
513 3442 543 3493 C.
579 3442 629 3505 (ιι)
653 3443 732 3506 megla
756 3443 926 3492 existimarem
949 3441 979 3492 C
1013 3440 1153 3505 (17)inco-

297 3522 374 3572 moda
391 3522 440 3571 CS.
474 3521 525 3586 (¹9)
542 3530 569 3571 et
582 3522 715 3587 aperperti
734 3523 764 3574 e
