2820 4680
717 542 772 617 384

319 711 396 772 Urat
410 720 439 769 et
454 709 573 770 intensis
588 710 747 792 populetur
760 722 882 793 pectora
895 711 1026 774 flammis.

319 808 438 869 Nuncia
452 808 539 868 sumit
552 807 615 881 iter,
633 808 709 869 divae
725 809 889 889 praecordia
904 811 1027 892 primum

317 906 457 987 Occupat
470 915 500 965 et
512 906 636 985 geminis
649 906 776 968 infundit
789 907 889 988 iniqua
903 925 1039 989 soporem

318 1004 491 1065 Luminibus
501 1005 651 1085 nectitque
661 1005 736 1065 sitim
746 1016 924 1086 gustumque
933 1007 1101 1087 famemque

259 1119 299 1173 505
317 1102 461 1164 Distrahit
476 1103 565 1182 inque
580 1102 676 1163 locum
692 1103 809 1165 subiere
831 1105 994 1185 horrorque
1015 1124 1169 1186 rogusque

316 1201 479 1260 Immensus
493 1199 671 1280 tremuitque
685 1200 752 1280 gelu
768 1200 896 1281 flagravit
910 1213 940 1262 et
955 1213 1038 1263 aestu.

315 1297 506 1359 Conveniunt
526 1297 639 1371 medici,
656 1297 785 1359 medicos
801 1316 857 1359 nec
870 1317 941 1360 cura
955 1316 1011 1361 nec
1024 1319 1094 1361 usus

314 1395 445 1456 Admittit
460 1393 595 1468 mulieris,
613 1406 697 1455 erant
710 1395 823 1456 fastidia
836 1395 903 1456 vitae

316 1492 415 1554 Multa
434 1492 494 1554 diu.
515 1493 593 1553 Hac
608 1492 717 1574 placuit
730 1494 858 1575 supremi
874 1505 951 1554 meta
965 1492 1082 1555 doloris.

257 1612 302 1663 5¹0
316 1592 384 1652 Nec
398 1590 556 1670 languebat
569 1591 656 1663 enim,
675 1590 806 1671 quamvis
820 1590 959 1671 languere
975 1602 1094 1671 putetur

315 1688 465 1750 Omnibus
480 1688 595 1748 immitis
610 1701 731 1770 propter
746 1708 820 1749 nova
835 1689 911 1750 bella
924 1689 1036 1750 caloris.

316 1788 386 1847 Hoc
399 1787 507 1847 etenim
522 1797 636 1867 optarat
650 1787 771 1861 dudum,
789 1787 934 1848 dimittere
948 1789 1042 1861 vitam,

313 1887 395 1965 Quae
406 1884 571 1965 fragilisque
584 1885 738 1966 brevisque
751 1886 843 1960 nimis,
859 1897 1042 1965 mortemque
1058 1886 1169 1967 pacisci

315 1985 374 2044 Pro
389 1984 453 2056 vita,
472 2000 541 2063 quae
556 2001 673 2064 semper
686 1985 748 2056 erit,
768 2002 827 2064 qua
841 2001 960 2045 carcere
974 1994 1114 2063 tauquam

256 2105 296 2156 515
313 2081 449 2144 Credidit
463 2080 597 2142 occlusos
611 2081 732 2155 animos,
751 2081 821 2142 dum
836 2098 962 2161 corpore
976 2091 1122 2154 constent,

314 2181 461 2241 Libertate
476 2199 529 2240 sua
543 2179 641 2253 fretos,
660 2198 727 2241 cum
742 2198 831 2240 carne
846 2179 932 2241 soluti

314 2280 346 2339 ln
362 2296 485 2359 superos
499 2278 599 2339 abiere
614 2277 696 2351 lares,
716 2277 765 2338 ubi
779 2277 870 2358 gloria
884 2295 952 2338 vera

314 2375 441 2435 Radices
455 2375 575 2435 firmavit
588 2393 647 2448 eas,
665 2394 739 2455 quas
754 2374 832 2435 nulla
845 2374 1005 2435 movebunt

311 2471 438 2545 Saecula;
455 2492 514 2533 non
529 2472 638 2533 etenim
653 2473 675 2531 si
690 2471 775 2532 tellus
789 2471 926 2533 concidet
940 2472 1043 2546 omnis,

254 2591 300 2643 520
311 2569 340 2631 Si
356 2569 473 2630 ruinosa
486 2569 593 2630 cadent
607 2570 726 2630 summis
741 2569 779 2630 de
794 2569 941 2630 montibus
954 2580 1046 2631 antra.

315 2669 395 2747 Ergo
409 2667 490 2748 quod
505 2678 535 2727 et
550 2666 654 2727 medici
668 2666 794 2727 credunt
808 2666 948 2747 promittit
961 2678 992 2727 et
1005 2668 1101 2728 omnis

311 2767 460 2825 Venarum
475 2763 584 2845 pulsus,
602 2764 688 2824 vitam
703 2763 852 2845 desperat;
867 2765 1033 2845 ademptam

314 2865 388 2924 Esse
402 2862 488 2937 videt,
507 2862 638 2943 quamvis
653 2862 784 2923 medicus
798 2863 834 2922 sit
846 2862 960 2944 Apollo,
987 2862 1120 2924 salutem.

310 2961 433 3041 Accepit
447 2961 582 3021 mandata
596 2960 643 3021 dei
659 2960 814 3040 laetataque
829 2961 921 3041 coepit

254 3081 294 3132 525
310 3058 358 3119 Sic
373 3059 475 3119 iratres
490 3059 628 3118 moritura
642 3057 733 3136 loqui:
748 3058 842 3136 Quod
857 3058 918 3117 vilis
931 3059 1013 3139 origo

312 3157 411 3217 Limus
426 3156 522 3229 habet,
541 3156 632 3236 pulvis
647 3157 757 3236 recipit,
775 3156 962 3236 componitur
976 3176 1049 3217 urna

310 3255 405 3335 Quod
420 3254 473 3317 luit
486 3265 554 3315 ante
568 3273 646 3329 caro,
666 3272 749 3316 mens
763 3255 786 3315 si
802 3255 878 3315 bene
892 3253 1003 3328 vixerit,
1021 3254 1112 3315 altum

358 3527 389 3574 V.
408 3536 449 3592 505
468 3524 571 3576 alcestin
590 3526 618 3573 V.
652 3523 717 3589 (519)
734 3524 810 3573 etiam
830 3524 858 3572 V.
892 3521 957 3588 (525)
974 3521 1049 3585 Quos
1069 3523 1097 3570 V.
