<?xml version="1.0" encoding="UTF-8"?>
<!DOCTYPE html PUBLIC "-//W3C//DTD XHTML 1.0 Transitional//EN"
    "http://www.w3.org/TR/xhtml1/DTD/xhtml1-transitional.dtd">
<html xmlns="http://www.w3.org/1999/xhtml" xml:lang="en" lang="en">
 <head>
  <title>
</title>
<meta http-equiv="Content-Type" content="text/html;charset=utf-8" />
  <meta name='ocr-system' content='tesseract 3.04.00' />
  <meta name='ocr-capabilities' content='ocr_page ocr_carea ocr_par ocr_line ocrx_word'/>
</head>
<body>
  <div class='ocr_page' id='page_1' title='image "./isotnogarolvero01nogagoog/isotnogarolvero01nogagoog_0361.png"; bbox 0 0 2820 4680; ppageno 0'>
   <div class='ocr_carea' id='block_1_1' title="bbox 715 599 768 664">
    <p class='ocr_par' dir='ltr' id='par_1_1' title="bbox 715 599 768 664">
     <span class='ocr_line' id='line_1_1' title="bbox 715 599 768 664; baseline 0 -7"><span class='ocrx_word' id='word_1_1' title='bbox 715 599 768 664; x_wconf 77' lang='lat'>352</span> 
     </span>
    </p>
   </div>
   <div class='ocr_carea' id='block_1_2' title="bbox 260 752 1162 1987">
    <p class='ocr_par' dir='ltr' id='par_1_2' title="bbox 306 752 1089 1028">
     <span class='ocr_line' id='line_1_2' title="bbox 308 752 1012 833; baseline -0.001 -20"><span class='ocrx_word' id='word_1_2' title='bbox 308 753 359 814; x_wconf 78' lang='lat' dir='ltr'>Vis</span> <span class='ocrx_word' id='word_1_3' title='bbox 372 763 475 814; x_wconf 89' lang='lat' dir='ltr'>cantus</span> <span class='ocrx_word' id='word_1_4' title='bbox 489 752 588 814; x_wconf 87' lang='lat' dir='ltr'>audita</span> <span class='ocrx_word' id='word_1_5' title='bbox 603 753 675 815; x_wconf 88' lang='lat' dir='ltr'>meis</span> <span class='ocrx_word' id='word_1_6' title='bbox 689 753 774 815; x_wconf 89' lang='lat' dir='ltr'>sedet</span> <span class='ocrx_word' id='word_1_7' title='bbox 784 752 903 814; x_wconf 89' lang='lat' dir='ltr'>auribus</span> <span class='ocrx_word' id='word_1_8' title='bbox 917 752 1012 833; x_wconf 86' lang='lat' dir='ltr'>ipsum</span> 
     </span>
     <span class='ocr_line' id='line_1_3' title="bbox 306 849 1042 932; baseline 0 -21"><span class='ocrx_word' id='word_1_9' title='bbox 306 849 453 912; x_wconf 85' lang='lat' dir='ltr'>Silvanum</span> <span class='ocrx_word' id='word_1_10' title='bbox 468 850 579 912; x_wconf 87' lang='lat' dir='ltr'>victura</span> <span class='ocrx_word' id='word_1_11' title='bbox 592 862 714 932; x_wconf 87' lang='lat' dir='ltr'>patrem,</span> <span class='ocrx_word' id='word_1_12' title='bbox 734 868 790 912; x_wconf 92' lang='lat' dir='ltr'>nec</span> <span class='ocrx_word' id='word_1_13' title='bbox 803 861 884 910; x_wconf 91' lang='lat' dir='ltr'>tanta</span> <span class='ocrx_word' id='word_1_14' title='bbox 906 849 1042 911; x_wconf 91' lang='lat' dir='ltr'>canendo</span> 
     </span>
     <span class='ocr_line' id='line_1_4' title="bbox 309 945 1089 1028; baseline -0.003 -18"><span class='ocrx_word' id='word_1_15' title='bbox 309 949 372 1010; x_wconf 88' lang='lat' dir='ltr'>Pan</span> <span class='ocrx_word' id='word_1_16' title='bbox 386 945 469 1022; x_wconf 86' lang='lat' dir='ltr'>valet,</span> <span class='ocrx_word' id='word_1_17' title='bbox 487 945 646 1010; x_wconf 73' lang='lat' dir='ltr'><strong>Arcadicos</strong></span> <span class='ocrx_word' id='word_1_18' title='bbox 660 947 773 1009; x_wconf 84' lang='lat' dir='ltr'>calamo</span> <span class='ocrx_word' id='word_1_19' title='bbox 787 947 838 1028; x_wconf 91' lang='lat' dir='ltr'>qui</span> <span class='ocrx_word' id='word_1_20' title='bbox 852 947 965 1008; x_wconf 78' lang='lat' dir='ltr'>detinet</span> <span class='ocrx_word' id='word_1_21' title='bbox 978 966 1089 1009; x_wconf 86' lang='lat' dir='ltr'>amnes.</span> 
     </span>
    </p>

    <p class='ocr_par' dir='ltr' id='par_1_3' title="bbox 263 1044 1047 1516">
     <span class='ocr_line' id='line_1_5' title="bbox 263 1044 1047 1134; baseline -0.001 -28"><span class='ocrx_word' id='word_1_22' title='bbox 263 1083 289 1134; x_wconf 82' lang='lat'>¹5</span> <span class='ocrx_word' id='word_1_23' title='bbox 310 1046 348 1106; x_wconf 88' lang='lat' dir='ltr'>Et</span> <span class='ocrx_word' id='word_1_24' title='bbox 362 1045 496 1125; x_wconf 89' lang='lat' dir='ltr'>quisnam</span> <span class='ocrx_word' id='word_1_25' title='bbox 512 1044 625 1107; x_wconf 89' lang='lat' dir='ltr'>facinus</span> <span class='ocrx_word' id='word_1_26' title='bbox 640 1044 804 1106; x_wconf 85' lang='lat' dir='ltr'>mirandum</span> <span class='ocrx_word' id='word_1_27' title='bbox 819 1045 969 1106; x_wconf 88' lang='lat' dir='ltr'>crederetl</span> <span class='ocrx_word' id='word_1_28' title='bbox 986 1045 1047 1106; x_wconf 87' lang='lat' dir='ltr'>lllae</span> 
     </span>
     <span class='ocr_line' id='line_1_6' title="bbox 308 1141 1018 1224; baseline -0.001 -20"><span class='ocrx_word' id='word_1_29' title='bbox 308 1144 448 1223; x_wconf 82' lang='lat' dir='ltr'>Namque</span> <span class='ocrx_word' id='word_1_30' title='bbox 463 1141 584 1224; x_wconf 79' lang='lat' dir='ltr'>puellari</span> <span class='ocrx_word' id='word_1_31' title='bbox 598 1143 719 1204; x_wconf 89' lang='lat' dir='ltr'>veniunt</span> <span class='ocrx_word' id='word_1_32' title='bbox 732 1142 770 1204; x_wconf 93' lang='lat' dir='ltr'>de</span> <span class='ocrx_word' id='word_1_33' title='bbox 786 1154 906 1224; x_wconf 83' lang='lat' dir='ltr'>pectore</span> <span class='ocrx_word' id='word_1_34' title='bbox 920 1161 1018 1204; x_wconf 82' lang='lat' dir='ltr'>voces.</span> 
     </span>
     <span class='ocr_line' id='line_1_7' title="bbox 307 1239 986 1320; baseline 0.001 -20"><span class='ocrx_word' id='word_1_35' title='bbox 307 1241 435 1302; x_wconf 76' lang='lat' dir='ltr'>Miratus</span> <span class='ocrx_word' id='word_1_36' title='bbox 449 1257 523 1320; x_wconf 90' lang='lat' dir='ltr'>quas</span> <span class='ocrx_word' id='word_1_37' title='bbox 539 1259 619 1302; x_wconf 89' lang='lat' dir='ltr'>nunc</span> <span class='ocrx_word' id='word_1_38' title='bbox 632 1258 640 1302; x_wconf 72' lang='grc' dir='ltr'><strong>ε</strong></span> <span class='ocrx_word' id='word_1_39' title='bbox 655 1240 687 1302; x_wconf 95' lang='lat' dir='ltr'>O</span> <span class='ocrx_word' id='word_1_40' title='bbox 703 1239 772 1300; x_wconf 82' lang='lat' dir='ltr'>felix</span> <span class='ocrx_word' id='word_1_41' title='bbox 787 1250 912 1320; x_wconf 89' lang='lat' dir='ltr'>utraque</span> <span class='ocrx_word' id='word_1_42' title='bbox 927 1240 986 1301; x_wconf 83' lang='lat' dir='ltr'>dixi</span> 
     </span>
     <span class='ocr_line' id='line_1_8' title="bbox 305 1336 1017 1419; baseline 0.001 -21"><span class='ocrx_word' id='word_1_43' title='bbox 305 1336 395 1416; x_wconf 86' lang='lat' dir='ltr'>Virgo</span> <span class='ocrx_word' id='word_1_44' title='bbox 411 1340 418 1398; x_wconf 93' lang='lat' dir='ltr'>l</span> <span class='ocrx_word' id='word_1_45' title='bbox 440 1339 528 1398; x_wconf 86' lang='lat' dir='ltr'>Pater</span> <span class='ocrx_word' id='word_1_46' title='bbox 541 1338 656 1419; x_wconf 89' lang='lat' dir='ltr'>superis</span> <span class='ocrx_word' id='word_1_47' title='bbox 671 1337 739 1398; x_wconf 81' lang='lat' dir='ltr'>felix</span> <span class='ocrx_word' id='word_1_48' title='bbox 753 1337 776 1398; x_wconf 93' lang='lat' dir='ltr'>si</span> <span class='ocrx_word' id='word_1_49' title='bbox 791 1338 917 1398; x_wconf 80' lang='lat' dir='ltr'>vescitur</span> <span class='ocrx_word' id='word_1_50' title='bbox 931 1338 1017 1411; x_wconf 88' lang='lat' dir='ltr'>auris,</span> 
     </span>
     <span class='ocr_line' id='line_1_9' title="bbox 307 1434 943 1516; baseline 0.002 -20"><span class='ocrx_word' id='word_1_51' title='bbox 307 1436 408 1496; x_wconf 89' lang='lat' dir='ltr'>Mater</span> <span class='ocrx_word' id='word_1_52' title='bbox 418 1446 448 1496; x_wconf 93' lang='lat' dir='ltr'>et</span> <span class='ocrx_word' id='word_1_53' title='bbox 461 1454 481 1495; x_wconf 91' lang='grc' dir='ltr'>ο</span> <span class='ocrx_word' id='word_1_54' title='bbox 496 1434 573 1510; x_wconf 80' lang='lat' dir='ltr'>felix,</span> <span class='ocrx_word' id='word_1_55' title='bbox 593 1445 678 1497; x_wconf 89' lang='lat' dir='ltr'>utero</span> <span class='ocrx_word' id='word_1_56' title='bbox 691 1453 761 1516; x_wconf 83' lang='lat' dir='ltr'>quae</span> <span class='ocrx_word' id='word_1_57' title='bbox 774 1434 841 1496; x_wconf 89' lang='lat' dir='ltr'>talia</span> <span class='ocrx_word' id='word_1_58' title='bbox 853 1435 943 1516; x_wconf 83' lang='lat' dir='ltr'>gessit</span> 
     </span>
    </p>

    <p class='ocr_par' dir='ltr' id='par_1_4' title="bbox 260 1531 1162 1987">
     <span class='ocr_line' id='line_1_10' title="bbox 260 1531 1006 1614; baseline 0.001 -22"><span class='ocrx_word' id='word_1_59' title='bbox 260 1574 292 1608; x_wconf 68' lang='grc' dir='ltr'>,ο</span> <span class='ocrx_word' id='word_1_60' title='bbox 307 1532 443 1613; x_wconf 75' lang='lat' dir='ltr'>Pignora,</span> <span class='ocrx_word' id='word_1_61' title='bbox 463 1531 563 1594; x_wconf 91' lang='lat' dir='ltr'>felices</span> <span class='ocrx_word' id='word_1_62' title='bbox 577 1533 688 1608; x_wconf 88' lang='lat' dir='ltr'>fratres,</span> <span class='ocrx_word' id='word_1_63' title='bbox 708 1532 778 1595; x_wconf 91' lang='lat' dir='ltr'>urbs</span> <span class='ocrx_word' id='word_1_64' title='bbox 792 1533 922 1614; x_wconf 88' lang='lat' dir='ltr'>denique</span> <span class='ocrx_word' id='word_1_65' title='bbox 938 1531 1006 1594; x_wconf 91' lang='lat' dir='ltr'>felix</span> 
     </span>
     <span class='ocr_line' id='line_1_11' title="bbox 306 1629 1161 1712; baseline 0.002 -22"><span class='ocrx_word' id='word_1_66' title='bbox 306 1629 357 1690; x_wconf 90' lang='lat' dir='ltr'>llla</span> <span class='ocrx_word' id='word_1_67' title='bbox 378 1642 432 1703; x_wconf 89' lang='lat' dir='ltr'>est,</span> <span class='ocrx_word' id='word_1_68' title='bbox 459 1649 547 1711; x_wconf 88' lang='lat' dir='ltr'>quam</span> <span class='ocrx_word' id='word_1_69' title='bbox 571 1630 673 1706; x_wconf 87' lang='lat' dir='ltr'>colitis,</span> <span class='ocrx_word' id='word_1_70' title='bbox 698 1650 786 1712; x_wconf 88' lang='lat' dir='ltr'>quam</span> <span class='ocrx_word' id='word_1_71' title='bbox 807 1642 903 1692; x_wconf 83' lang='lat' dir='ltr'>vestro</span> <span class='ocrx_word' id='word_1_72' title='bbox 919 1631 1037 1692; x_wconf 85' lang='lat' dir='ltr'>nurnine</span> <span class='ocrx_word' id='word_1_73' title='bbox 1051 1630 1161 1692; x_wconf 89' lang='lat' dir='ltr'>claram</span> 
     </span>
     <span class='ocr_line' id='line_1_12' title="bbox 306 1726 1044 1811; baseline 0 -22"><span class='ocrx_word' id='word_1_74' title='bbox 306 1726 442 1789; x_wconf 85' lang='lat' dir='ltr'>Redditis</span> <span class='ocrx_word' id='word_1_75' title='bbox 455 1739 486 1789; x_wconf 92' lang='lat' dir='ltr'>et</span> <span class='ocrx_word' id='word_1_76' title='bbox 499 1728 583 1790; x_wconf 89' lang='lat' dir='ltr'>cuius</span> <span class='ocrx_word' id='word_1_77' title='bbox 598 1746 707 1790; x_wconf 88' lang='lat' dir='ltr'>nornen</span> <span class='ocrx_word' id='word_1_78' title='bbox 721 1748 811 1811; x_wconf 86' lang='lat' dir='ltr'>super</span> <span class='ocrx_word' id='word_1_79' title='bbox 825 1729 937 1790; x_wconf 87' lang='lat' dir='ltr'>aethera</span> <span class='ocrx_word' id='word_1_80' title='bbox 951 1729 1044 1790; x_wconf 91' lang='lat' dir='ltr'>fertisl</span> 
     </span>
     <span class='ocr_line' id='line_1_13' title="bbox 302 1824 1162 1908; baseline 0.005 -23"><span class='ocrx_word' id='word_1_81' title='bbox 302 1824 362 1886; x_wconf 87' lang='lat' dir='ltr'>Sed</span> <span class='ocrx_word' id='word_1_82' title='bbox 375 1844 444 1885; x_wconf 80' lang='lat' dir='ltr'>nunt</span> <span class='ocrx_word' id='word_1_83' title='bbox 457 1827 523 1905; x_wconf 88' lang='lat' dir='ltr'>quis</span> <span class='ocrx_word' id='word_1_84' title='bbox 536 1827 614 1887; x_wconf 90' lang='lat' dir='ltr'>canit</span> <span class='ocrx_word' id='word_1_85' title='bbox 625 1826 671 1888; x_wconf 89' lang='lat' dir='ltr'>hic</span> <span class='ocrx_word' id='word_1_86' title='bbox 683 1829 695 1888; x_wconf 86' lang='lat'>?</span> <span class='ocrx_word' id='word_1_87' title='bbox 705 1827 825 1889; x_wconf 86' lang='lat' dir='ltr'>Sonitus</span> <span class='ocrx_word' id='word_1_88' title='bbox 837 1829 903 1908; x_wconf 88' lang='lat' dir='ltr'>quis</span> <span class='ocrx_word' id='word_1_89' title='bbox 913 1828 991 1888; x_wconf 90' lang='lat' dir='ltr'>venit</span> <span class='ocrx_word' id='word_1_90' title='bbox 1002 1827 1039 1888; x_wconf 95' lang='lat' dir='ltr'>ad</span> <span class='ocrx_word' id='word_1_91' title='bbox 1049 1845 1136 1888; x_wconf 87' lang='lat' dir='ltr'>aures</span> <span class='ocrx_word' id='word_1_92' title='bbox 1149 1831 1162 1889; x_wconf 86' lang='lat'>?</span> 
     </span>
     <span class='ocr_line' id='line_1_14' title="bbox 301 1921 949 1987; baseline 0.002 -2"><span class='ocrx_word' id='word_1_93' title='bbox 301 1921 407 1985; x_wconf 79' lang='lat' dir='ltr'>Aulitae</span> <span class='ocrx_word' id='word_1_94' title='bbox 422 1924 527 1985; x_wconf 87' lang='lat' dir='ltr'>mirum</span> <span class='ocrx_word' id='word_1_95' title='bbox 541 1934 586 1985; x_wconf 89' lang='lat' dir='ltr'>est</span> <span class='ocrx_word' id='word_1_96' title='bbox 600 1925 624 1985; x_wconf 93' lang='lat' dir='ltr'>si</span> <span class='ocrx_word' id='word_1_97' title='bbox 639 1942 700 1987; x_wconf 90' lang='lat' dir='ltr'>non</span> <span class='ocrx_word' id='word_1_98' title='bbox 714 1925 750 1987; x_wconf 89' lang='lat' dir='ltr'>sit</span> <span class='ocrx_word' id='word_1_99' title='bbox 763 1925 834 1987; x_wconf 89' lang='lat' dir='ltr'>tibia</span> <span class='ocrx_word' id='word_1_100' title='bbox 850 1925 949 1987; x_wconf 88' lang='lat' dir='ltr'>nostri.</span> 
     </span>
    </p>
   </div>
   <div class='ocr_carea' id='block_1_3' title="bbox 256 2091 1036 2272">
    <p class='ocr_par' dir='ltr' id='par_1_5' title="bbox 256 2091 1036 2272">
     <span class='ocr_line' id='line_1_15' title="bbox 668 2091 794 2154; baseline 0.008 0"><span class='ocrx_word' id='word_1_101' title='bbox 668 2091 770 2154; x_wconf 79' lang='lat' dir='ltr'>Anlites</span> <span class='ocrx_word' id='word_1_102' title='bbox 782 2113 794 2154; x_wconf 93' lang='lat'>.·</span> 
     </span>
     <span class='ocr_line' id='line_1_16' title="bbox 256 2187 1036 2272; baseline 0.003 -22"><span class='ocrx_word' id='word_1_103' title='bbox 256 2222 284 2272; x_wconf 81' lang='lat'>25</span> <span class='ocrx_word' id='word_1_104' title='bbox 340 2187 435 2262; x_wconf 86' lang='lat' dir='ltr'>Solus,</span> <span class='ocrx_word' id='word_1_105' title='bbox 454 2190 491 2262; x_wconf 91' lang='lat' dir='ltr'>io,</span> <span class='ocrx_word' id='word_1_106' title='bbox 511 2200 625 2250; x_wconf 88' lang='lat' dir='ltr'>montes</span> <span class='ocrx_word' id='word_1_107' title='bbox 640 2188 813 2270; x_wconf 88' lang='lat' dir='ltr'>pulsataque</span> <span class='ocrx_word' id='word_1_108' title='bbox 827 2190 923 2252; x_wconf 88' lang='lat' dir='ltr'>littora</span> <span class='ocrx_word' id='word_1_109' title='bbox 936 2191 1036 2265; x_wconf 85' lang='lat' dir='ltr'>fluctu,</span> 
     </span>
    </p>
   </div>
   <div class='ocr_carea' id='block_1_4' title="bbox 256 2286 1108 3150">
    <p class='ocr_par' dir='ltr' id='par_1_6' title="bbox 298 2286 1076 2659">
     <span class='ocr_line' id='line_1_17' title="bbox 302 2286 1076 2360; baseline 0.001 -13"><span class='ocrx_word' id='word_1_110' title='bbox 302 2287 385 2347; x_wconf 88' lang='lat' dir='ltr'>Dum</span> <span class='ocrx_word' id='word_1_111' title='bbox 401 2304 485 2360; x_wconf 85' lang='lat' dir='ltr'>cano,</span> <span class='ocrx_word' id='word_1_112' title='bbox 504 2297 564 2347; x_wconf 89' lang='lat' dir='ltr'>eto</span> <span class='ocrx_word' id='word_1_113' title='bbox 583 2286 695 2347; x_wconf 85' lang='lat' dir='ltr'>circum</span> <span class='ocrx_word' id='word_1_114' title='bbox 711 2286 860 2348; x_wconf 89' lang='lat' dir='ltr'>frondenti</span> <span class='ocrx_word' id='word_1_115' title='bbox 874 2289 982 2350; x_wconf 82' lang='lat' dir='ltr'>vertice</span> <span class='ocrx_word' id='word_1_116' title='bbox 997 2287 1076 2349; x_wconf 83' lang='lat' dir='ltr'>silrae</span> 
     </span>
     <span class='ocr_line' id='line_1_18' title="bbox 301 2383 1021 2463; baseline 0.004 -19"><span class='ocrx_word' id='word_1_117' title='bbox 301 2384 341 2444; x_wconf 89' lang='lat' dir='ltr'>Et</span> <span class='ocrx_word' id='word_1_118' title='bbox 363 2384 387 2444; x_wconf 95' lang='lat' dir='ltr'>si</span> <span class='ocrx_word' id='word_1_119' title='bbox 401 2384 467 2463; x_wconf 88' lang='lat' dir='ltr'>quis</span> <span class='ocrx_word' id='word_1_120' title='bbox 482 2401 636 2444; x_wconf 87' lang='lat' dir='ltr'>nemorum</span> <span class='ocrx_word' id='word_1_121' title='bbox 651 2384 720 2445; x_wconf 86' lang='lat' dir='ltr'>luco</span> <span class='ocrx_word' id='word_1_122' title='bbox 733 2383 808 2445; x_wconf 92' lang='lat' dir='ltr'>deus</span> <span class='ocrx_word' id='word_1_123' title='bbox 821 2395 908 2458; x_wconf 72' lang='lat' dir='ltr'>errat,</span> <span class='ocrx_word' id='word_1_124' title='bbox 927 2386 958 2446; x_wconf 91' lang='lat' dir='ltr'>in</span> <span class='ocrx_word' id='word_1_125' title='bbox 972 2384 1021 2447; x_wconf 90' lang='lat' dir='ltr'>illo</span> 
     </span>
     <span class='ocr_line' id='line_1_19' title="bbox 298 2480 1012 2544; baseline 0.001 -2"><span class='ocrx_word' id='word_1_126' title='bbox 298 2480 405 2542; x_wconf 74' lang='lat' dir='ltr'>Audiat</span> <span class='ocrx_word' id='word_1_127' title='bbox 419 2491 450 2542; x_wconf 88' lang='lat' dir='ltr'>et</span> <span class='ocrx_word' id='word_1_128' title='bbox 463 2492 551 2542; x_wconf 85' lang='lat' dir='ltr'>cantu</span> <span class='ocrx_word' id='word_1_129' title='bbox 566 2491 667 2542; x_wconf 86' lang='lat' dir='ltr'>nostro</span> <span class='ocrx_word' id='word_1_130' title='bbox 681 2500 752 2542; x_wconf 79' lang='lat' dir='ltr'>cava</span> <span class='ocrx_word' id='word_1_131' title='bbox 766 2499 836 2542; x_wconf 87' lang='lat' dir='ltr'>saxa</span> <span class='ocrx_word' id='word_1_132' title='bbox 850 2481 991 2544; x_wconf 85' lang='lat' dir='ltr'>resultent</span> <span class='ocrx_word' id='word_1_133' title='bbox 1004 2485 1012 2543; x_wconf 95' lang='lat' dir='ltr'>l</span> 
     </span>
     <span class='ocr_line' id='line_1_20' title="bbox 299 2578 1043 2659; baseline 0.004 -19"><span class='ocrx_word' id='word_1_134' title='bbox 299 2579 336 2640; x_wconf 76' lang='lat' dir='ltr'>At</span> <span class='ocrx_word' id='word_1_135' title='bbox 349 2579 372 2640; x_wconf 94' lang='lat' dir='ltr'>si</span> <span class='ocrx_word' id='word_1_136' title='bbox 387 2579 453 2659; x_wconf 88' lang='lat' dir='ltr'>quis</span> <span class='ocrx_word' id='word_1_137' title='bbox 467 2578 541 2640; x_wconf 92' lang='lat' dir='ltr'>deus</span> <span class='ocrx_word' id='word_1_138' title='bbox 556 2580 623 2641; x_wconf 82' lang='lat' dir='ltr'>hac</span> <span class='ocrx_word' id='word_1_139' title='bbox 638 2598 698 2640; x_wconf 90' lang='lat' dir='ltr'>non</span> <span class='ocrx_word' id='word_1_140' title='bbox 712 2579 812 2641; x_wconf 88' lang='lat' dir='ltr'>audiat</span> <span class='ocrx_word' id='word_1_141' title='bbox 825 2590 855 2641; x_wconf 89' lang='lat' dir='ltr'>et</span> <span class='ocrx_word' id='word_1_142' title='bbox 869 2599 922 2642; x_wconf 90' lang='lat' dir='ltr'>sua</span> <span class='ocrx_word' id='word_1_143' title='bbox 940 2583 1043 2643; x_wconf 83' lang='lat' dir='ltr'>Panna</span> 
     </span>
    </p>

    <p class='ocr_par' dir='ltr' id='par_1_7' title="bbox 256 2675 1108 3150">
     <span class='ocr_line' id='line_1_21' title="bbox 256 2675 1101 2760; baseline 0.002 -22"><span class='ocrx_word' id='word_1_144' title='bbox 256 2715 285 2760; x_wconf 76' lang='lat'>30</span> <span class='ocrx_word' id='word_1_145' title='bbox 300 2675 424 2738; x_wconf 89' lang='lat' dir='ltr'>Menala</span> <span class='ocrx_word' id='word_1_146' title='bbox 438 2675 556 2751; x_wconf 87' lang='lat' dir='ltr'>habent,</span> <span class='ocrx_word' id='word_1_147' title='bbox 575 2676 672 2738; x_wconf 91' lang='lat' dir='ltr'>desint</span> <span class='ocrx_word' id='word_1_148' title='bbox 685 2676 769 2738; x_wconf 85' lang='lat' dir='ltr'>Satiri</span> <span class='ocrx_word' id='word_1_149' title='bbox 787 2677 978 2758; x_wconf 89' lang='lat' dir='ltr'>Driadesque</span> <span class='ocrx_word' id='word_1_150' title='bbox 992 2679 1101 2760; x_wconf 87' lang='lat' dir='ltr'>puellae</span> 
     </span>
     <span class='ocr_line' id='line_1_22' title="bbox 301 2773 993 2857; baseline 0.004 -23"><span class='ocrx_word' id='word_1_151' title='bbox 301 2775 340 2835; x_wconf 88' lang='lat' dir='ltr'>Et</span> <span class='ocrx_word' id='word_1_152' title='bbox 353 2773 456 2835; x_wconf 82' lang='lat' dir='ltr'>sileant</span> <span class='ocrx_word' id='word_1_153' title='bbox 470 2786 593 2847; x_wconf 85' lang='lat' dir='ltr'>montes,</span> <span class='ocrx_word' id='word_1_154' title='bbox 608 2793 659 2836; x_wconf 81' lang='lat' dir='ltr'>vos</span> <span class='ocrx_word' id='word_1_155' title='bbox 674 2775 853 2857; x_wconf 87' lang='lat' dir='ltr'>respondete</span> <span class='ocrx_word' id='word_1_156' title='bbox 868 2776 993 2838; x_wconf 80' lang='lat' dir='ltr'>cieadoel</span> 
     </span>
     <span class='ocr_line' id='line_1_23' title="bbox 298 2872 1108 2956; baseline 0.001 -22"><span class='ocrx_word' id='word_1_157' title='bbox 298 2872 406 2934; x_wconf 86' lang='lat' dir='ltr'>Omnis</span> <span class='ocrx_word' id='word_1_158' title='bbox 425 2891 509 2933; x_wconf 88' lang='lat' dir='ltr'>amor</span> <span class='ocrx_word' id='word_1_159' title='bbox 523 2873 612 2934; x_wconf 89' lang='lat' dir='ltr'>nostri</span> <span class='ocrx_word' id='word_1_160' title='bbox 627 2885 672 2934; x_wconf 92' lang='lat' dir='ltr'>est</span> <span class='ocrx_word' id='word_1_161' title='bbox 686 2874 715 2933; x_wconf 94' lang='lat' dir='ltr'>in</span> <span class='ocrx_word' id='word_1_162' title='bbox 734 2874 872 2948; x_wconf 84' lang='lat' dir='ltr'>carmine,</span> <span class='ocrx_word' id='word_1_163' title='bbox 891 2873 953 2935; x_wconf 93' lang='lat' dir='ltr'>sola</span> <span class='ocrx_word' id='word_1_164' title='bbox 966 2875 1108 2956; x_wconf 87' lang='lat' dir='ltr'>voluptas,</span> 
     </span>
     <span class='ocr_line' id='line_1_24' title="bbox 297 2968 1055 3052; baseline -0.001 -19"><span class='ocrx_word' id='word_1_165' title='bbox 297 2970 377 3033; x_wconf 87' lang='lat' dir='ltr'>Cum</span> <span class='ocrx_word' id='word_1_166' title='bbox 389 2968 508 3031; x_wconf 90' lang='lat' dir='ltr'>stabulis</span> <span class='ocrx_word' id='word_1_167' title='bbox 521 2980 653 3032; x_wconf 87' lang='lat' dir='ltr'>armenta</span> <span class='ocrx_word' id='word_1_168' title='bbox 668 2971 765 3032; x_wconf 87' lang='lat' dir='ltr'>iacent</span> <span class='ocrx_word' id='word_1_169' title='bbox 778 2982 828 3032; x_wconf 91' lang='lat' dir='ltr'>aut</span> <span class='ocrx_word' id='word_1_170' title='bbox 842 2988 952 3052; x_wconf 89' lang='lat' dir='ltr'>pascua</span> <span class='ocrx_word' id='word_1_171' title='bbox 961 2989 1055 3045; x_wconf 84' lang='lat' dir='ltr'>servo,</span> 
     </span>
     <span class='ocr_line' id='line_1_25' title="bbox 298 3066 1023 3150; baseline 0.006 -22"><span class='ocrx_word' id='word_1_172' title='bbox 298 3066 349 3128; x_wconf 94' lang='lat' dir='ltr'>llla</span> <span class='ocrx_word' id='word_1_173' title='bbox 362 3066 432 3127; x_wconf 86' lang='lat' dir='ltr'>mihi</span> <span class='ocrx_word' id='word_1_174' title='bbox 445 3066 489 3129; x_wconf 82' lang='lat' dir='ltr'>vel</span> <span class='ocrx_word' id='word_1_175' title='bbox 503 3085 572 3128; x_wconf 90' lang='lat' dir='ltr'>curn</span> <span class='ocrx_word' id='word_1_176' title='bbox 587 3086 730 3150; x_wconf 85' lang='lat' dir='ltr'>pecorum</span> <span class='ocrx_word' id='word_1_177' title='bbox 744 3079 872 3131; x_wconf 72' lang='lat' dir='ltr'>certasse</span> <span class='ocrx_word' id='word_1_178' title='bbox 884 3069 1023 3150; x_wconf 81' lang='lat' dir='ltr'>magistro</span> 
     </span>
    </p>
   </div>
   <div class='ocr_carea' id='block_1_5' title="bbox 294 3232 1153 3622">
    <p class='ocr_par' dir='ltr' id='par_1_8' title="bbox 294 3232 1153 3622">
     <span class='ocr_line' id='line_1_26' title="bbox 339 3232 1153 3300; baseline 0.007 -18"><span class='ocrx_word' id='word_1_179' title='bbox 339 3232 390 3298; x_wconf 84' lang='lat'>(14)</span> <span class='ocrx_word' id='word_1_180' title='bbox 408 3235 515 3285; x_wconf 70' lang='lat' dir='ltr'>Peme</span> <span class='ocrx_word' id='word_1_181' title='bbox 550 3233 796 3299; x_wconf 66' lang='lat' dir='ltr'>(1slmirandun0</span> <span class='ocrx_word' id='word_1_182' title='bbox 843 3238 883 3286; x_wconf 88' lang='lat' dir='ltr'>ille</span> <span class='ocrx_word' id='word_1_183' title='bbox 902 3237 931 3286; x_wconf 93' lang='lat' dir='ltr'>C.</span> <span class='ocrx_word' id='word_1_184' title='bbox 973 3235 1023 3300; x_wconf 86' lang='lat'>(16)</span> <span class='ocrx_word' id='word_1_185' title='bbox 1042 3239 1153 3300; x_wconf 85' lang='lat' dir='ltr'>Nanque</span> 
     </span>
     <span class='ocr_line' id='line_1_27' title="bbox 295 3311 1150 3381; baseline 0.006 -18"><span class='ocrx_word' id='word_1_186' title='bbox 295 3314 393 3376; x_wconf 83' lang='lat' dir='ltr'>puetari</span> <span class='ocrx_word' id='word_1_187' title='bbox 415 3314 445 3364; x_wconf 77' lang='lat' dir='ltr'>G</span> <span class='ocrx_word' id='word_1_188' title='bbox 487 3311 537 3379; x_wconf 83' lang='lat'><em>(17)</em></span> <span class='ocrx_word' id='word_1_189' title='bbox 558 3315 628 3364; x_wconf 82' lang='lat' dir='ltr'>foelix</span> <span class='ocrx_word' id='word_1_190' title='bbox 657 3316 687 3366; x_wconf 87' lang='lat' dir='ltr'>C.</span> <span class='ocrx_word' id='word_1_191' title='bbox 729 3314 779 3381; x_wconf 76' lang='lat'>(18)</span> <span class='ocrx_word' id='word_1_192' title='bbox 807 3316 876 3366; x_wconf 85' lang='lat' dir='ltr'>foelix</span> <span class='ocrx_word' id='word_1_193' title='bbox 895 3316 925 3366; x_wconf 77' lang='lat' dir='ltr'>G</span> <span class='ocrx_word' id='word_1_194' title='bbox 960 3315 1009 3380; x_wconf 85' lang='lat'>(19)</span> <span class='ocrx_word' id='word_1_195' title='bbox 1035 3319 1103 3367; x_wconf 81' lang='lat' dir='ltr'>tallia</span> <span class='ocrx_word' id='word_1_196' title='bbox 1120 3319 1150 3368; x_wconf 92' lang='lat' dir='ltr'>C.</span> 
     </span>
     <span class='ocr_line' id='line_1_28' title="bbox 294 3391 1148 3460; baseline 0.012 -21"><span class='ocrx_word' id='word_1_197' title='bbox 294 3391 345 3457; x_wconf 76' lang='grc' dir='ltr'><strong>(ιο)</strong></span> <span class='ocrx_word' id='word_1_198' title='bbox 360 3392 457 3444; x_wconf 81' lang='lat' dir='ltr'>fettiees</span> <span class='ocrx_word' id='word_1_199' title='bbox 474 3395 504 3444; x_wconf 87' lang='lat' dir='ltr'>C.</span> <span class='ocrx_word' id='word_1_200' title='bbox 539 3393 589 3460; x_wconf 79' lang='lat' dir='ltr'>(aa)</span> <span class='ocrx_word' id='word_1_201' title='bbox 606 3396 698 3445; x_wconf 82' lang='lat' dir='ltr'>collitis</span> <span class='ocrx_word' id='word_1_202' title='bbox 715 3396 745 3446; x_wconf 82' lang='lat' dir='ltr'>G</span> <span class='ocrx_word' id='word_1_203' title='bbox 780 3394 830 3459; x_wconf 75' lang='grc' dir='ltr'>(η)</span> <span class='ocrx_word' id='word_1_204' title='bbox 848 3409 904 3445; x_wconf 77' lang='lat' dir='ltr'>nam</span> <span class='ocrx_word' id='word_1_205' title='bbox 922 3396 953 3446; x_wconf 87' lang='lat' dir='ltr'>C.</span> <span class='ocrx_word' id='word_1_206' title='bbox 988 3395 1039 3459; x_wconf 80' lang='lat'>(²4)</span> <span class='ocrx_word' id='word_1_207' title='bbox 1056 3411 1091 3447; x_wconf 93' lang='lat' dir='ltr'>no</span> <span class='ocrx_word' id='word_1_208' title='bbox 1107 3406 1148 3448; x_wconf 83' lang='lat' dir='ltr'>est</span> 
     </span>
     <span class='ocr_line' id='line_1_29' title="bbox 294 3471 1151 3541; baseline 0.008 -20"><span class='ocrx_word' id='word_1_209' title='bbox 294 3471 499 3536; x_wconf 75' lang='lat' dir='ltr'>(suprascr.:vel</span> <span class='ocrx_word' id='word_1_210' title='bbox 523 3474 564 3539; x_wconf 86' lang='lat' dir='ltr'>sit)</span> <span class='ocrx_word' id='word_1_211' title='bbox 596 3472 646 3536; x_wconf 77' lang='grc' dir='ltr'>(ις)</span> <span class='ocrx_word' id='word_1_212' title='bbox 670 3475 808 3526; x_wconf 77' lang='lat' dir='ltr'>lietorac</span> <span class='ocrx_word' id='word_1_213' title='bbox 843 3475 1064 3541; x_wconf 78' lang='lat' dir='ltr'>(31)eiehadeC</span> <span class='ocrx_word' id='word_1_214' title='bbox 1100 3476 1151 3540; x_wconf 67' lang='grc' dir='ltr'>(υ)</span> 
     </span>
     <span class='ocr_line' id='line_1_30' title="bbox 295 3553 783 3622; baseline 0.008 -19"><span class='ocrx_word' id='word_1_215' title='bbox 295 3553 353 3604; x_wconf 87' lang='lat' dir='ltr'>Cun</span> <span class='ocrx_word' id='word_1_216' title='bbox 370 3554 399 3603; x_wconf 75' lang='lat' dir='ltr'>G</span> <span class='ocrx_word' id='word_1_217' title='bbox 431 3553 481 3619; x_wconf 69' lang='lat'>(34)</span> <span class='ocrx_word' id='word_1_218' title='bbox 496 3554 530 3604; x_wconf 75' lang='lat' dir='ltr'>cd</span> <span class='ocrx_word' id='word_1_219' title='bbox 544 3554 574 3604; x_wconf 76' lang='lat' dir='ltr'>G</span> <span class='ocrx_word' id='word_1_220' title='bbox 591 3555 739 3622; x_wconf 73' lang='lat' dir='ltr'>magistrum</span> <span class='ocrx_word' id='word_1_221' title='bbox 754 3555 783 3607; x_wconf 74' lang='lat' dir='ltr'>G</span> 
     </span>
    </p>
   </div>
   <div class='ocr_carea' id='block_1_6' title="bbox 0 0 1414 4680">
    <p class='ocr_par' dir='ltr' id='par_1_9' title="bbox 0 0 1414 4680">
     <span class='ocr_line' id='line_1_31' title="bbox 0 0 1414 4680; baseline 0 8"><span class='ocrx_word' id='word_1_222' title='bbox 0 0 1414 4680; x_wconf 95' lang='lat' dir='ltr'> </span> 
     </span>
    </p>
   </div>
  </div>
 </body>
</html>
