2814 5116
658 992 708 1057 ¹73

257 1147 365 1222 tinere
373 1146 535 1220 'divinitus
548 1147 760 1247 intelligeret.
780 1150 871 1222 Haec
881 1148 980 1245 igitur
992 1163 1107 1222 tecum

257 1262 421 1337 memoria
447 1280 567 1361 repete
593 1280 628 1336 et
653 1263 767 1337 animo
784 1263 909 1362 saepius
926 1267 1036 1354 volve,
1064 1289 1107 1337 ne

256 1378 316 1453 tibi
334 1379 398 1454 iarn
421 1395 590 1478 provecto
607 1379 758 1453 defuisse
775 1397 810 1453 et
829 1382 893 1454 hac
911 1379 1012 1453 animi
1030 1405 1107 1478 per-

256 1495 447 1569 turbatione
472 1495 723 1569 circumventus
756 1520 834 1568 esse
867 1494 1023 1584 videaris,
1049 1496 1106 1593 qui

256 1627 347 1684 tanta
356 1609 546 1708 prudentia,
561 1627 653 1684 tanta
671 1635 780 1684 rerum
798 1626 969 1709 gestarum
987 1611 1106 1707 gloria,
1140 1648 1149 1685 ι

255 1742 350 1800 tanto
375 1752 485 1800 rerum
505 1751 564 1800 usu
583 1751 720 1824 semper
749 1726 892 1822 viguisti,
911 1726 1007 1799 cuius
1024 1750 1106 1823 ope,

253 1841 399 1916 consilio
418 1867 485 1915 non
507 1844 615 1914 solum
635 1841 727 1915 multi
747 1841 913 1930 homines,
927 1840 989 1913 sed
1003 1840 1104 1935 etiam

255 1957 347 2031 multi
366 1957 484 2055 populi
498 1957 694 2043 floruerunt,
714 1974 749 2031 ut
766 1956 923 2030 laudibus
940 1956 1004 2028 tuis
1018 1958 1107 2030 nulla

255 2073 355 2146 linem
369 2075 509 2146 allatura
526 2072 567 2146 sit
580 2091 665 2147 aetas
683 2098 880 2172 nomenque
894 2090 986 2146 tuum
998 2097 1106 2171 usque

254 2188 297 2261 ad
307 2205 461 2263 extrema
474 2204 635 2264 terrarum
650 2189 852 2287 pervenerit.
868 2191 922 2262 Tu
942 2188 1104 2286 pietatem
1122 2227 1151 2263 ιο

254 2302 286 2376 in
304 2303 458 2401 patriam,
485 2304 719 2378 incredibilem
746 2304 915 2394 iustitiam,
941 2328 1104 2378 summam

253 2419 451 2517 gravitatem
478 2420 672 2508 exhibuisti,
700 2437 733 2492 tu
752 2444 996 2518 oppressorum
1016 2420 1071 2492 ref
1091 2461 1106 2472 ·

252 2534 343 2632 gium
367 2535 468 2625 fuisti,
499 2553 533 2609 tu
552 2535 812 2610 clarissimorum
831 2535 977 2608 virorum
996 2535 1107 2610 fautor

254 2651 403 2741 extitisti,
431 2652 463 2723 in
489 2650 754 2725 administranda
779 2676 816 2725 re
834 2651 972 2749 publica
990 2651 1104 2739 fidem,

253 2768 502 2856 auctoritatem,
521 2766 753 2866 eloquentiam
773 2766 967 2863 praestitisti.
1123 2803 1148 2843 n

304 2884 482 2958 Praetereo
496 2883 687 2982 dignitates,
699 2883 920 2981 magistratus,
931 2899 1105 2980 praeturas,

253 2999 454 3097 legationes,
481 3025 566 3097 quas
593 3016 684 3073 tanta
709 3023 787 3073 cum
811 2998 1013 3096 integritate,
1032 3023 1106 3071 rno-

253 3113 374 3204 destia,
419 3115 637 3208 humanitate,
680 3114 847 3212 sapientia
890 3113 1035 3210 gessisti,
1071 3130 1106 3186 ut

253 3229 410 3303 omnibus
443 3231 545 3305 etiam
581 3231 722 3306 inimicis
765 3248 907 3328 propter
940 3246 1104 3303 tantarum

252 3345 407 3419 virtutum
442 3347 639 3445 dignitatem
673 3364 788 3445 gratus
821 3362 857 3419 et
890 3344 1107 3419 admirandus
1121 3381 1151 3416 20

252 3460 418 3537 existeres
444 3480 480 3537 et
504 3488 626 3537 omnes
644 3463 871 3562 intelligerent
897 3486 964 3534 non
984 3460 1105 3535 utilita-

253 3593 356 3651 tatem
375 3578 545 3676 quandam
564 3596 622 3653 aut
639 3579 802 3677 privatum
821 3577 1042 3651 commodum
1061 3601 1104 3650 ex

252 3692 314 3783 eis,
348 3694 410 3768 sed
440 3694 678 3769 defensionem
709 3718 909 3792 pauperum,
936 3695 1104 3766 bonorum

252 3810 535 3898 sublevationem,
562 3813 725 3883 malorum
752 3808 1025 3908 oppressionem,
1053 3825 1105 3881 to-

301 3956 334 4019 (9)
351 3957 447 4020 pietate
463 3958 493 4008 C.
