<?xml version="1.0" encoding="UTF-8"?>
<!DOCTYPE html PUBLIC "-//W3C//DTD XHTML 1.0 Transitional//EN"
    "http://www.w3.org/TR/xhtml1/DTD/xhtml1-transitional.dtd">
<html xmlns="http://www.w3.org/1999/xhtml" xml:lang="en" lang="en">
 <head>
  <title>
</title>
<meta http-equiv="Content-Type" content="text/html;charset=utf-8" />
  <meta name='ocr-system' content='tesseract 3.04.00' />
  <meta name='ocr-capabilities' content='ocr_page ocr_carea ocr_par ocr_line ocrx_word'/>
</head>
<body>
  <div class='ocr_page' id='page_1' title='image "./isotnogarolvero01nogagoog/isotnogarolvero01nogagoog_0446.png"; bbox 0 0 2820 4680; ppageno 0'>
   <div class='ocr_carea' id='block_1_1' title="bbox 536 595 597 658">
    <p class='ocr_par' dir='ltr' id='par_1_1' title="bbox 536 595 597 658">
     <span class='ocr_line' id='line_1_1' title="bbox 536 595 597 658; baseline 0.066 -4"><span class='ocrx_word' id='word_1_1' title='bbox 536 595 597 658; x_wconf 76' lang='lat'>439</span> 
     </span>
    </p>
   </div>
   <div class='ocr_carea' id='block_1_2' title="bbox 131 744 1038 3388">
    <p class='ocr_par' dir='ltr' id='par_1_2' title="bbox 131 744 1038 3388">
     <span class='ocr_line' id='line_1_2' title="bbox 140 744 994 849; baseline 0.007 -32"><span class='ocrx_word' id='word_1_2' title='bbox 140 744 273 820; x_wconf 87' lang='lat' dir='ltr'>divitias</span> <span class='ocrx_word' id='word_1_3' title='bbox 291 748 409 821; x_wconf 91' lang='lat' dir='ltr'>Croesi</span> <span class='ocrx_word' id='word_1_4' title='bbox 428 749 528 846; x_wconf 87' lang='lat' dir='ltr'>regis.</span> <span class='ocrx_word' id='word_1_5' title='bbox 550 751 680 849; x_wconf 85' lang='lat' dir='ltr'>Neque</span> <span class='ocrx_word' id='word_1_6' title='bbox 696 749 786 823; x_wconf 91' lang='lat' dir='ltr'>enim</span> <span class='ocrx_word' id='word_1_7' title='bbox 809 750 994 848; x_wconf 84' lang='lat' dir='ltr'>quicquam</span> 
     </span>
     <span class='ocr_line' id='line_1_3' title="bbox 139 863 996 964; baseline 0.007 -30"><span class='ocrx_word' id='word_1_8' title='bbox 139 879 192 934; x_wconf 90' lang='lat' dir='ltr'>est</span> <span class='ocrx_word' id='word_1_9' title='bbox 210 880 244 936; x_wconf 89' lang='lat' dir='ltr'>te</span> <span class='ocrx_word' id='word_1_10' title='bbox 262 863 343 935; x_wconf 91' lang='lat' dir='ltr'>mihi</span> <span class='ocrx_word' id='word_1_11' title='bbox 370 863 481 937; x_wconf 89' lang='lat' dir='ltr'>carius</span> <span class='ocrx_word' id='word_1_12' title='bbox 507 889 621 964; x_wconf 89' lang='lat' dir='ltr'>neque</span> <span class='ocrx_word' id='word_1_13' title='bbox 648 864 837 939; x_wconf 88' lang='lat' dir='ltr'>iucundius.</span> <span class='ocrx_word' id='word_1_14' title='bbox 866 867 996 964; x_wconf 88' lang='lat' dir='ltr'><strong>Neque</strong></span> 
     </span>
     <span class='ocr_line' id='line_1_4' title="bbox 138 975 995 1079; baseline 0.007 -29"><span class='ocrx_word' id='word_1_15' title='bbox 138 975 264 1051; x_wconf 82' lang='lat' dir='ltr'>adduci</span> <span class='ocrx_word' id='word_1_16' title='bbox 291 996 404 1052; x_wconf 90' lang='lat' dir='ltr'>tamen</span> <span class='ocrx_word' id='word_1_17' title='bbox 433 1004 584 1076; x_wconf 87' lang='lat' dir='ltr'>possum,</span> <span class='ocrx_word' id='word_1_18' title='bbox 612 1005 718 1079; x_wconf 84' lang='lat' dir='ltr'>quare</span> <span class='ocrx_word' id='word_1_19' title='bbox 740 980 932 1055; x_wconf 86' lang='lat' dir='ltr'>existimem</span> <span class='ocrx_word' id='word_1_20' title='bbox 960 1000 995 1057; x_wconf 95' lang='lat' dir='ltr'>te</span> 
     </span>
     <span class='ocr_line' id='line_1_5' title="bbox 139 1092 994 1195; baseline 0.006 -30"><span class='ocrx_word' id='word_1_21' title='bbox 139 1092 316 1166; x_wconf 85' lang='lat' dir='ltr'>uberrimis</span> <span class='ocrx_word' id='word_1_22' title='bbox 356 1095 484 1169; x_wconf 89' lang='lat' dir='ltr'>artibus</span> <span class='ocrx_word' id='word_1_23' title='bbox 517 1112 673 1169; x_wconf 81' lang='lat' dir='ltr'>ornatum</span> <span class='ocrx_word' id='word_1_24' title='bbox 709 1113 813 1195; x_wconf 90' lang='lat' dir='ltr'>teque</span> <span class='ocrx_word' id='word_1_25' title='bbox 847 1096 994 1171; x_wconf 92' lang='lat' dir='ltr'>circum-</span> 
     </span>
     <span class='ocr_line' id='line_1_6' title="bbox 137 1209 1037 1310; baseline 0.008 -29"><span class='ocrx_word' id='word_1_26' title='bbox 137 1209 386 1306; x_wconf 86' lang='lat' dir='ltr'>spectissimum</span> <span class='ocrx_word' id='word_1_27' title='bbox 405 1229 441 1284; x_wconf 96' lang='lat' dir='ltr'>et</span> <span class='ocrx_word' id='word_1_28' title='bbox 458 1210 756 1310; x_wconf 88' lang='lat' dir='ltr'>prudentissimum</span> <span class='ocrx_word' id='word_1_29' title='bbox 774 1211 880 1286; x_wconf 88' lang='lat' dir='ltr'>virum</span> <span class='ocrx_word' id='word_1_30' title='bbox 899 1211 994 1286; x_wconf 91' lang='lat' dir='ltr'>aliud</span> <span class='ocrx_word' id='word_1_31' title='bbox 1027 1234 1037 1288; x_wconf 83' lang='lat' dir='ltr'>t</span> 
     </span>
     <span class='ocr_line' id='line_1_7' title="bbox 137 1322 994 1427; baseline 0.006 -31"><span class='ocrx_word' id='word_1_32' title='bbox 137 1322 183 1397; x_wconf 92' lang='lat' dir='ltr'>de</span> <span class='ocrx_word' id='word_1_33' title='bbox 202 1350 256 1397; x_wconf 88' lang='lat' dir='ltr'>me</span> <span class='ocrx_word' id='word_1_34' title='bbox 274 1324 448 1422; x_wconf 86' lang='lat' dir='ltr'>suspicari.</span> <span class='ocrx_word' id='word_1_35' title='bbox 469 1326 614 1427; x_wconf 86' lang='lat' dir='ltr'>Quippe</span> <span class='ocrx_word' id='word_1_36' title='bbox 632 1325 722 1401; x_wconf 86' lang='lat' dir='ltr'>haud</span> <span class='ocrx_word' id='word_1_37' title='bbox 741 1327 773 1399; x_wconf 91' lang='lat' dir='ltr'>in</span> <span class='ocrx_word' id='word_1_38' title='bbox 787 1352 825 1401; x_wconf 93' lang='lat' dir='ltr'>re</span> <span class='ocrx_word' id='word_1_39' title='bbox 843 1326 994 1402; x_wconf 91' lang='lat' dir='ltr'>minutis-</span> 
     </span>
     <span class='ocr_line' id='line_1_8' title="bbox 137 1439 994 1540; baseline 0.008 -28"><span class='ocrx_word' id='word_1_40' title='bbox 137 1439 222 1514; x_wconf 90' lang='lat' dir='ltr'>sima</span> <span class='ocrx_word' id='word_1_41' title='bbox 235 1439 444 1515; x_wconf 90' lang='lat' dir='ltr'>incredibilis</span> <span class='ocrx_word' id='word_1_42' title='bbox 457 1442 506 1517; x_wconf 87' lang='lat' dir='ltr'>vis</span> <span class='ocrx_word' id='word_1_43' title='bbox 520 1442 624 1516; x_wconf 86' lang='lat' dir='ltr'>nostri</span> <span class='ocrx_word' id='word_1_44' title='bbox 634 1441 760 1518; x_wconf 91' lang='lat' dir='ltr'>amoris</span> <span class='ocrx_word' id='word_1_45' title='bbox 768 1459 873 1540; x_wconf 90' lang='lat' dir='ltr'>atque</span> <span class='ocrx_word' id='word_1_46' title='bbox 887 1443 994 1519; x_wconf 94' lang='lat' dir='ltr'>bene-</span> 
     </span>
     <span class='ocr_line' id='line_1_9' title="bbox 136 1555 993 1657; baseline 0.009 -32"><span class='ocrx_word' id='word_1_47' title='bbox 136 1555 296 1630; x_wconf 85' lang='lat' dir='ltr'>volentiae</span> <span class='ocrx_word' id='word_1_48' title='bbox 314 1555 414 1652; x_wconf 84' lang='lat' dir='ltr'>viget.</span> <span class='ocrx_word' id='word_1_49' title='bbox 435 1555 603 1657; x_wconf 87' lang='lat' dir='ltr'>Equidem</span> <span class='ocrx_word' id='word_1_50' title='bbox 622 1556 783 1657; x_wconf 92' lang='lat' dir='ltr'>quoniam</span> <span class='ocrx_word' id='word_1_51' title='bbox 797 1557 893 1632; x_wconf 93' lang='lat' dir='ltr'>dono</span> <span class='ocrx_word' id='word_1_52' title='bbox 911 1557 993 1633; x_wconf 90' lang='lat' dir='ltr'>iam-</span> 
     </span>
     <span class='ocr_line' id='line_1_10' title="bbox 137 1670 991 1777; baseline 0.001 -33"><span class='ocrx_word' id='word_1_53' title='bbox 137 1670 268 1769; x_wconf 88' lang='lat' dir='ltr'>pridem</span> <span class='ocrx_word' id='word_1_54' title='bbox 287 1673 402 1746; x_wconf 85' lang='lat' dir='ltr'>abste</span> <span class='ocrx_word' id='word_1_55' title='bbox 421 1673 617 1763; x_wconf 82' lang='lat' dir='ltr'>habueram,</span> <span class='ocrx_word' id='word_1_56' title='bbox 637 1698 701 1770; x_wconf 93' lang='lat' dir='ltr'>pro</span> <span class='ocrx_word' id='word_1_57' title='bbox 718 1698 755 1746; x_wconf 94' lang='lat' dir='ltr'>re</span> <span class='ocrx_word' id='word_1_58' title='bbox 778 1698 847 1777; x_wconf 89' lang='lat' dir='ltr'>non</span> <span class='ocrx_word' id='word_1_59' title='bbox 865 1673 991 1770; x_wconf 83' lang='lat' dir='ltr'>vulgari</span> 
     </span>
     <span class='ocr_line' id='line_1_11' title="bbox 137 1788 1038 1888; baseline 0.004 -28"><span class='ocrx_word' id='word_1_60' title='bbox 137 1813 251 1887; x_wconf 92' lang='lat' dir='ltr'>neque</span> <span class='ocrx_word' id='word_1_61' title='bbox 285 1788 377 1887; x_wconf 91' lang='lat' dir='ltr'>parvi</span> <span class='ocrx_word' id='word_1_62' title='bbox 409 1788 585 1879; x_wconf 86' lang='lat' dir='ltr'>momenti,</span> <span class='ocrx_word' id='word_1_63' title='bbox 620 1788 683 1862; x_wconf 91' lang='lat' dir='ltr'>sed</span> <span class='ocrx_word' id='word_1_64' title='bbox 718 1814 781 1888; x_wconf 94' lang='lat' dir='ltr'>pro</span> <span class='ocrx_word' id='word_1_65' title='bbox 815 1788 993 1888; x_wconf 84' lang='lat' dir='ltr'>praecipua</span> <span class='ocrx_word' id='word_1_66' title='bbox 1008 1814 1038 1851; x_wconf 85' lang='lat'>10</span> 
     </span>
     <span class='ocr_line' id='line_1_12' title="bbox 135 1902 992 2003; baseline 0.006 -28"><span class='ocrx_word' id='word_1_67' title='bbox 135 1919 240 2003; x_wconf 86' lang='lat' dir='ltr'>atque</span> <span class='ocrx_word' id='word_1_68' title='bbox 254 1902 466 2003; x_wconf 87' lang='lat' dir='ltr'>exquisitiori</span> <span class='ocrx_word' id='word_1_69' title='bbox 482 1902 629 2003; x_wconf 92' lang='lat' dir='ltr'>quadam</span> <span class='ocrx_word' id='word_1_70' title='bbox 642 1928 781 2001; x_wconf 84' lang='lat' dir='ltr'>gemma</span> <span class='ocrx_word' id='word_1_71' title='bbox 793 1923 850 1980; x_wconf 93' lang='lat' dir='ltr'>aut</span> <span class='ocrx_word' id='word_1_72' title='bbox 861 1930 992 2003; x_wconf 86' lang='lat' dir='ltr'>marga·</span> 
     </span>
     <span class='ocr_line' id='line_1_13' title="bbox 135 2018 990 2117; baseline 0.006 -27"><span class='ocrx_word' id='word_1_73' title='bbox 135 2019 198 2093; x_wconf 90' lang='lat' dir='ltr'>rita</span> <span class='ocrx_word' id='word_1_74' title='bbox 215 2021 263 2092; x_wconf 94' lang='lat' dir='ltr'>ob</span> <span class='ocrx_word' id='word_1_75' title='bbox 282 2018 480 2094; x_wconf 90' lang='lat' dir='ltr'>memoriam</span> <span class='ocrx_word' id='word_1_76' title='bbox 503 2019 743 2117; x_wconf 92' lang='lat' dir='ltr'>sempiternam</span> <span class='ocrx_word' id='word_1_77' title='bbox 763 2020 909 2094; x_wconf 92' lang='lat' dir='ltr'>nominis</span> <span class='ocrx_word' id='word_1_78' title='bbox 931 2020 990 2112; x_wconf 89' lang='lat' dir='ltr'>tui,</span> 
     </span>
     <span class='ocr_line' id='line_1_14' title="bbox 136 2133 990 2232; baseline 0.004 -27"><span class='ocrx_word' id='word_1_79' title='bbox 136 2134 323 2232; x_wconf 86' lang='lat' dir='ltr'>praesertim</span> <span class='ocrx_word' id='word_1_80' title='bbox 338 2133 479 2232; x_wconf 91' lang='lat' dir='ltr'>quando</span> <span class='ocrx_word' id='word_1_81' title='bbox 494 2135 672 2232; x_wconf 89' lang='lat' dir='ltr'>plurimum</span> <span class='ocrx_word' id='word_1_82' title='bbox 690 2134 901 2226; x_wconf 87' lang='lat' dir='ltr'>delectabar,</span> <span class='ocrx_word' id='word_1_83' title='bbox 920 2160 990 2208; x_wconf 94' lang='lat' dir='ltr'>non</span> 
     </span>
     <span class='ocr_line' id='line_1_15' title="bbox 134 2247 990 2349; baseline 0.006 -29"><span class='ocrx_word' id='word_1_84' title='bbox 134 2247 290 2346; x_wconf 92' lang='lat' dir='ltr'>pondere</span> <span class='ocrx_word' id='word_1_85' title='bbox 316 2248 378 2322; x_wconf 93' lang='lat' dir='ltr'>sed</span> <span class='ocrx_word' id='word_1_86' title='bbox 403 2273 513 2347; x_wconf 89' lang='lat' dir='ltr'>opere</span> <span class='ocrx_word' id='word_1_87' title='bbox 539 2247 633 2323; x_wconf 90' lang='lat' dir='ltr'>domi</span> <span class='ocrx_word' id='word_1_88' title='bbox 661 2273 749 2323; x_wconf 85' lang='lat' dir='ltr'>meae</span> <span class='ocrx_word' id='word_1_89' title='bbox 774 2273 853 2324; x_wconf 88' lang='lat' dir='ltr'>esse</span> <span class='ocrx_word' id='word_1_90' title='bbox 870 2249 990 2349; x_wconf 90' lang='lat' dir='ltr'>cupie-</span> 
     </span>
     <span class='ocr_line' id='line_1_16' title="bbox 135 2362 1031 2464; baseline 0.003 -28"><span class='ocrx_word' id='word_1_91' title='bbox 135 2363 222 2437; x_wconf 91' lang='lat' dir='ltr'>bam.</span> <span class='ocrx_word' id='word_1_92' title='bbox 244 2366 383 2463; x_wconf 88' lang='lat' dir='ltr'>Neque,</span> <span class='ocrx_word' id='word_1_93' title='bbox 414 2382 450 2438; x_wconf 94' lang='lat' dir='ltr'>ut</span> <span class='ocrx_word' id='word_1_94' title='bbox 478 2364 633 2455; x_wconf 85' lang='lat' dir='ltr'>arbitror,</span> <span class='ocrx_word' id='word_1_95' title='bbox 663 2382 699 2438; x_wconf 89' lang='lat' dir='ltr'>te</span> <span class='ocrx_word' id='word_1_96' title='bbox 729 2363 880 2462; x_wconf 83' lang='lat' dir='ltr'>praeterit</span> <span class='ocrx_word' id='word_1_97' title='bbox 896 2362 989 2464; x_wconf 84' lang='lat' dir='ltr'>apud</span> <span class='ocrx_word' id='word_1_98' title='bbox 1005 2390 1031 2439; x_wconf 76' lang='lat' dir='ltr'>u</span> 
     </span>
     <span class='ocr_line' id='line_1_17' title="bbox 134 2479 990 2579; baseline 0.006 -29"><span class='ocrx_word' id='word_1_99' title='bbox 134 2504 189 2552; x_wconf 92' lang='lat' dir='ltr'>me</span> <span class='ocrx_word' id='word_1_100' title='bbox 214 2505 351 2578; x_wconf 87' lang='lat' dir='ltr'>semper</span> <span class='ocrx_word' id='word_1_101' title='bbox 368 2481 446 2554; x_wconf 81' lang='lat' dir='ltr'>haec</span> <span class='ocrx_word' id='word_1_102' title='bbox 462 2480 578 2556; x_wconf 94' lang='lat' dir='ltr'>omnia</span> <span class='ocrx_word' id='word_1_103' title='bbox 595 2479 698 2555; x_wconf 80' lang='lat' dir='ltr'>fuisse</span> <span class='ocrx_word' id='word_1_104' title='bbox 715 2481 862 2579; x_wconf 88' lang='lat' dir='ltr'>potiora,</span> <span class='ocrx_word' id='word_1_105' title='bbox 880 2480 990 2555; x_wconf 86' lang='lat' dir='ltr'>decus</span> 
     </span>
     <span class='ocr_line' id='line_1_18' title="bbox 133 2594 987 2693; baseline 0.002 -27"><span class='ocrx_word' id='word_1_106' title='bbox 133 2594 278 2686; x_wconf 88' lang='lat' dir='ltr'>scilicet,</span> <span class='ocrx_word' id='word_1_107' title='bbox 314 2597 540 2687; x_wconf 89' lang='lat' dir='ltr'>honestatem,</span> <span class='ocrx_word' id='word_1_108' title='bbox 575 2594 787 2693; x_wconf 89' lang='lat' dir='ltr'>dignitatem,</span> <span class='ocrx_word' id='word_1_109' title='bbox 819 2594 987 2687; x_wconf 89' lang='lat' dir='ltr'>virtutem,</span> 
     </span>
     <span class='ocr_line' id='line_1_19' title="bbox 133 2709 986 2809; baseline 0 -26"><span class='ocrx_word' id='word_1_110' title='bbox 133 2710 234 2783; x_wconf 92' lang='lat' dir='ltr'>animi</span> <span class='ocrx_word' id='word_1_111' title='bbox 253 2709 531 2807; x_wconf 86' lang='lat' dir='ltr'>magnitudinem,</span> <span class='ocrx_word' id='word_1_112' title='bbox 559 2711 794 2800; x_wconf 88' lang='lat' dir='ltr'>urbanitatem,</span> <span class='ocrx_word' id='word_1_113' title='bbox 814 2710 986 2809; x_wconf 88' lang='lat' dir='ltr'>ingenium</span> 
     </span>
     <span class='ocr_line' id='line_1_20' title="bbox 132 2825 987 2925; baseline 0 -27"><span class='ocrx_word' id='word_1_114' title='bbox 132 2825 271 2923; x_wconf 93' lang='lat' dir='ltr'>optimis</span> <span class='ocrx_word' id='word_1_115' title='bbox 288 2828 461 2900; x_wconf 89' lang='lat' dir='ltr'>excultum</span> <span class='ocrx_word' id='word_1_116' title='bbox 479 2825 679 2925; x_wconf 88' lang='lat' dir='ltr'>disciplinis,</span> <span class='ocrx_word' id='word_1_117' title='bbox 698 2851 829 2900; x_wconf 93' lang='lat' dir='ltr'>morum</span> <span class='ocrx_word' id='word_1_118' title='bbox 848 2827 987 2924; x_wconf 89' lang='lat' dir='ltr'>elegan-</span> 
     </span>
     <span class='ocr_line' id='line_1_21' title="bbox 134 2940 1032 3041; baseline 0.002 -28"><span class='ocrx_word' id='word_1_119' title='bbox 134 2941 225 3032; x_wconf 90' lang='lat' dir='ltr'>tiam,</span> <span class='ocrx_word' id='word_1_120' title='bbox 255 2967 335 3041; x_wconf 86' lang='lat' dir='ltr'>quae</span> <span class='ocrx_word' id='word_1_121' title='bbox 364 2942 438 3016; x_wconf 91' lang='lat' dir='ltr'>sine</span> <span class='ocrx_word' id='word_1_122' title='bbox 468 2944 535 3018; x_wconf 88' lang='lat' dir='ltr'>ulla</span> <span class='ocrx_word' id='word_1_123' title='bbox 564 2941 778 3016; x_wconf 90' lang='lat' dir='ltr'>dubitatione</span> <span class='ocrx_word' id='word_1_124' title='bbox 803 2940 919 3016; x_wconf 92' lang='lat' dir='ltr'>omnia</span> <span class='ocrx_word' id='word_1_125' title='bbox 941 2940 1032 3015; x_wconf 75' lang='lat' dir='ltr'>itazo</span> 
     </span>
     <span class='ocr_line' id='line_1_22' title="bbox 133 3055 984 3156; baseline -0.004 -25"><span class='ocrx_word' id='word_1_126' title='bbox 133 3059 303 3131; x_wconf 91' lang='lat' dir='ltr'>cumulate</span> <span class='ocrx_word' id='word_1_127' title='bbox 320 3075 356 3131; x_wconf 89' lang='lat' dir='ltr'>et</span> <span class='ocrx_word' id='word_1_128' title='bbox 373 3057 514 3156; x_wconf 84' lang='lat' dir='ltr'>egregie</span> <span class='ocrx_word' id='word_1_129' title='bbox 528 3056 560 3130; x_wconf 94' lang='lat' dir='ltr'>in</span> <span class='ocrx_word' id='word_1_130' title='bbox 574 3073 609 3131; x_wconf 96' lang='lat' dir='ltr'>te</span> <span class='ocrx_word' id='word_1_131' title='bbox 627 3083 696 3132; x_wconf 93' lang='lat' dir='ltr'>uno</span> <span class='ocrx_word' id='word_1_132' title='bbox 713 3059 816 3153; x_wconf 89' lang='lat' dir='ltr'>longe</span> <span class='ocrx_word' id='word_1_133' title='bbox 834 3055 984 3130; x_wconf 93' lang='lat' dir='ltr'>omnium</span> 
     </span>
     <span class='ocr_line' id='line_1_23' title="bbox 131 3170 986 3271; baseline -0.001 -25"><span class='ocrx_word' id='word_1_134' title='bbox 131 3172 347 3246; x_wconf 89' lang='lat' dir='ltr'>ornatissimo</span> <span class='ocrx_word' id='word_1_135' title='bbox 364 3190 468 3271; x_wconf 89' lang='lat' dir='ltr'>atque</span> <span class='ocrx_word' id='word_1_136' title='bbox 494 3173 749 3271; x_wconf 89' lang='lat' dir='ltr'>elegantissimo</span> <span class='ocrx_word' id='word_1_137' title='bbox 775 3170 923 3270; x_wconf 88' lang='lat' dir='ltr'>cognovi</span> <span class='ocrx_word' id='word_1_138' title='bbox 948 3187 986 3245; x_wconf 89' lang='lat' dir='ltr'>et</span> 
     </span>
     <span class='ocr_line' id='line_1_24' title="bbox 132 3285 986 3388; baseline 0.002 -30"><span class='ocrx_word' id='word_1_139' title='bbox 132 3286 211 3378; x_wconf 89' lang='lat' dir='ltr'>vidi,</span> <span class='ocrx_word' id='word_1_140' title='bbox 239 3306 275 3362; x_wconf 93' lang='lat' dir='ltr'>ut</span> <span class='ocrx_word' id='word_1_141' title='bbox 301 3288 465 3364; x_wconf 74' lang='lat' dir='ltr'>incendas</span> <span class='ocrx_word' id='word_1_142' title='bbox 490 3287 647 3388; x_wconf 90' lang='lat' dir='ltr'>quotidie</span> <span class='ocrx_word' id='word_1_143' title='bbox 673 3286 781 3385; x_wconf 82' lang='lat' dir='ltr'>magis</span> <span class='ocrx_word' id='word_1_144' title='bbox 804 3311 848 3361; x_wconf 89' lang='lat' dir='ltr'>ac</span> <span class='ocrx_word' id='word_1_145' title='bbox 878 3285 986 3384; x_wconf 87' lang='lat' dir='ltr'>magis</span> 
     </span>
    </p>
   </div>
   <div class='ocr_carea' id='block_1_3' title="bbox 179 3549 909 3619">
    <p class='ocr_par' dir='ltr' id='par_1_3' title="bbox 179 3549 909 3619">
     <span class='ocr_line' id='line_1_25' title="bbox 179 3549 909 3619; baseline 0 -19"><span class='ocrx_word' id='word_1_146' title='bbox 179 3553 213 3617; x_wconf 85' lang='lat' dir='ltr'>(r)</span> <span class='ocrx_word' id='word_1_147' title='bbox 231 3553 306 3602; x_wconf 86' lang='lat' dir='ltr'>cresi</span> <span class='ocrx_word' id='word_1_148' title='bbox 323 3553 371 3603; x_wconf 87' lang='lat' dir='ltr'>CS.</span> <span class='ocrx_word' id='word_1_149' title='bbox 407 3552 456 3619; x_wconf 79' lang='lat' dir='ltr'>(ro)</span> <span class='ocrx_word' id='word_1_150' title='bbox 473 3554 619 3615; x_wconf 85' lang='lat' dir='ltr'>exculptum</span> <span class='ocrx_word' id='word_1_151' title='bbox 637 3552 663 3602; x_wconf 66' lang='grc' dir='ltr'><em>ε</em></span> <span class='ocrx_word' id='word_1_152' title='bbox 697 3551 747 3615; x_wconf 79' lang='lat'><em>(²3)</em></span> <span class='ocrx_word' id='word_1_153' title='bbox 764 3549 862 3601; x_wconf 75' lang='lat' dir='ltr'>cotidie</span> <span class='ocrx_word' id='word_1_154' title='bbox 879 3549 909 3600; x_wconf 80' lang='lat' dir='ltr'>C</span> 
     </span>
    </p>
   </div>
   <div class='ocr_carea' id='block_1_4' title="bbox 0 0 1414 4680">
    <p class='ocr_par' dir='ltr' id='par_1_4' title="bbox 0 0 1414 4680">
     <span class='ocr_line' id='line_1_26' title="bbox 0 0 1414 4680; baseline 0 3"><span class='ocrx_word' id='word_1_155' title='bbox 0 0 1414 4680; x_wconf 95' lang='lat' dir='ltr'> </span> 
     </span>
    </p>
   </div>
  </div>
 </body>
</html>
