2820 4680
581 577 632 644 ¹95

179 733 239 806 nisi
254 733 404 831 propriae
419 733 598 829 potestatis
611 757 707 807 amor
721 733 827 830 ipsam
843 733 1030 820 invasisset,

178 849 236 945 qui
255 848 343 922 rivus
361 873 405 922 ex
421 848 594 946 superbiae
609 848 704 923 fonte
719 847 889 946 procedit.
911 850 969 922 Ne
985 851 1030 922 ab

177 963 367 1063 Augustino
387 961 578 1052 discedam,
596 963 677 1037 dum
695 964 802 1037 voluit
820 965 891 1037 Eva
907 988 1030 1061 rapere

177 1080 398 1167 divinitatem,
430 1078 580 1175 perdidit
609 1078 817 1153 felicitatem.
855 1081 897 1153 Et
925 1080 1031 1153 verba

177 1197 249 1269 illa:
276 1194 313 1268 Si
337 1193 446 1267 Adam
471 1219 535 1268 non
556 1204 729 1292 peccasset
744 1197 807 1270 ἃς.
827 1220 883 1269 me
901 1195 934 1268 in
951 1220 1030 1270 sen·
1063 1232 1071 1280 ς

177 1310 282 1385 tentia
299 1310 520 1397 confirmant;
539 1309 622 1407 quia
643 1310 689 1383 ita
707 1309 852 1384 fortasse
870 1310 1030 1407 peccauit

177 1428 257 1514 Eva,
283 1425 379 1524 quod
406 1424 508 1498 veluti
534 1425 714 1499 daemones
741 1450 808 1499 non
833 1442 1029 1500 meruerunt

176 1541 462 1638 redemptionem,
481 1541 527 1615 ita
545 1541 690 1614 fortasse
709 1542 788 1613 Eva.
809 1541 881 1615 loci
899 1556 1027 1614 tantum

175 1681 280 1732 causa
297 1659 433 1754 loquor,
448 1657 511 1732 sed
529 1656 611 1730 felix
630 1656 692 1729 fuit
709 1655 796 1729 ndae
814 1659 928 1753 culpa,
945 1682 1027 1754 quse

175 1776 276 1846 talem
308 1773 430 1846 meruit
456 1773 584 1847 habere
610 1772 877 1868 redemptorem.
911 1773 953 1844 Et
983 1797 1026 1847 ne
1044 1807 1073 1844 ιο

141 1932 145 1945 .
175 1889 311 1963 tandem
330 1889 503 1986 ascriptis
520 1889 585 1962 tuis
602 1887 791 1967 discedam.
805 1912 926 1961 omnes
947 1912 1027 1985 poe·

175 2029 234 2079 nas
260 2005 319 2077 viri
347 2005 472 2102 patitur
494 2005 623 2093 mulier,
641 2021 677 2078 et
694 2004 776 2101 quia
792 2003 1025 2102 multiplicatae

173 2138 250 2194 sunt
275 2121 349 2195 eius
373 2147 549 2212 aerumnae,
577 2147 645 2195 non
667 2123 776 2195 solum
796 2121 947 2210 moritur,
966 2146 1025 2196 ue·

173 2236 278 2311 scitur
294 2236 428 2311 sudoris
451 2261 568 2333 poena,
588 2236 790 2335 prohibetur
807 2261 870 2334 per
887 2238 1024 2312 Cheru·

173 2352 241 2426 bim
276 2368 313 2427 et
338 2354 515 2426 flammeos
539 2353 672 2451 gladios
697 2377 841 2427 accessu
864 2353 1023 2450 paradisi,
1041 2386 1066 2437 ις

154 2457 234 2543 'sed
270 2472 356 2542 ultra
380 2469 497 2543 omnia
520 2495 600 2566 quae
626 2470 822 2543 communia
847 2488 925 2544 sunt
949 2471 1023 2544 sola

171 2609 249 2658 cum
276 2585 399 2659 dolore
426 2585 572 2682 paritet
598 2586 671 2660 viro
696 2585 833 2660 subdita
857 2601 920 2659 est.
952 2585 1022 2660 Sed

170 2700 251 2798 quia
269 2701 301 2773 in
319 2717 411 2775 tanta
429 2725 466 2774 re
484 2726 552 2774 non
571 2719 624 2775 est
640 2702 721 2775 satis
739 2717 797 2775 tua
811 2700 1021 2790 confutasse,

171 2816 231 2889 nisi
257 2817 358 2890 etiam
382 2834 498 2890 nostra
514 2819 767 2905 confirmemus,
786 2804 935 2891 credidit
952 2818 1022 2891 Eva

170 2931 239 3006 deo
252 2932 367 3006 similis
385 2933 456 3005 lieri
475 2949 511 3006 et
528 2932 682 3007 invidens
694 2933 826 3031 optavit
841 2931 939 3030 quod
951 2932 1021 3030 spi·
1035 2964 1066 3001 ιο

215 3216 250 3278 (a)
278 3218 394 3266 marnam
419 3220 475 3281 port
497 3230 569 3279 proc.
594 3230 637 3280 ego
659 3215 749 3265 addidi.
790 3216 825 3279 (3)
849 3216 969 3266 recedam
990 3219 1017 3266 V.

168 3296 238 3359 (no)
255 3297 278 3345 in
296 3298 451 3346 sentenciam
470 3297 523 3346 CV.
558 3297 592 3359 (8)
609 3304 692 3346 tamen
710 3297 740 3345 C.
775 3296 1019 3359 (10.1rllftutta·

167 3390 224 3426 men
240 3390 257 3426 a
272 3390 321 3427 scr.
341 3385 358 3426 t.
380 3392 430 3427 non
447 3377 512 3427 disc.
532 3377 562 3427 C.
596 3376 646 3439 (ιι)
664 3390 788 3439 erumpne
812 3378 838 3425 V.
873 3377 924 3441 (ις)
940 3377 1019 3428 flumi-

167 3471 230 3506 neos
248 3458 278 3516 C,
298 3457 427 3509 femineos
448 3460 474 3506 V.
508 3471 599 3507 acessu
613 3459 639 3504 V.
673 3456 723 3520 (ud)
739 3465 780 3507 set
801 3460 828 3507 V.
861 3457 979 3507 comunla
989 3459 1017 3508 V.

166 3537 216 3599 (¹7)
233 3546 273 3587 set
294 3540 321 3587 V.
356 3539 406 3602 (ιθ)
423 3538 484 3589 satis
500 3548 540 3588 est
561 3540 588 3588 V.
622 3538 673 3601 (19)
689 3538 836 3590 confirmem
857 3539 884 3587 V.

867 3647 910 3705 rr·
