<?xml version="1.0" encoding="UTF-8"?>
<!DOCTYPE html PUBLIC "-//W3C//DTD XHTML 1.0 Transitional//EN"
    "http://www.w3.org/TR/xhtml1/DTD/xhtml1-transitional.dtd">
<html xmlns="http://www.w3.org/1999/xhtml" xml:lang="en" lang="en">
 <head>
  <title>
</title>
<meta http-equiv="Content-Type" content="text/html;charset=utf-8" />
  <meta name='ocr-system' content='tesseract 3.04.00' />
  <meta name='ocr-capabilities' content='ocr_page ocr_carea ocr_par ocr_line ocrx_word'/>
</head>
<body>
  <div class='ocr_page' id='page_1' title='image "./isotnogarolvero01nogagoog/isotnogarolvero01nogagoog_0217.png"; bbox 0 0 2820 4680; ppageno 0'>
   <div class='ocr_carea' id='block_1_1' title="bbox 851 576 908 638">
    <p class='ocr_par' dir='ltr' id='par_1_1' title="bbox 851 576 908 638">
     <span class='ocr_line' id='line_1_1' title="bbox 851 576 908 638; baseline 0 0"><span class='ocrx_word' id='word_1_1' title='bbox 851 576 908 638; x_wconf 79' lang='lat'>206</span> 
     </span>
    </p>
   </div>
   <div class='ocr_carea' id='block_1_2' title="bbox 450 748 1409 846">
    <p class='ocr_par' dir='ltr' id='par_1_2' title="bbox 450 748 1409 846">
     <span class='ocr_line' id='line_1_2' title="bbox 450 748 1409 846; baseline 0 -24"><span class='ocrx_word' id='word_1_2' title='bbox 450 752 564 846; x_wconf 85' lang='lat' dir='ltr'>culpae</span> <span class='ocrx_word' id='word_1_3' title='bbox 599 748 885 846; x_wconf 81' lang='lat' dir='ltr'>correspondere.</span> <span class='ocrx_word' id='word_1_4' title='bbox 923 749 1032 822; x_wconf 77' lang='lat' dir='ltr'><strong>Adam</strong></span> <span class='ocrx_word' id='word_1_5' title='bbox 1064 749 1138 822; x_wconf 86' lang='lat' dir='ltr'>tulit</span> <span class='ocrx_word' id='word_1_6' title='bbox 1165 774 1303 846; x_wconf 87' lang='lat' dir='ltr'>pomum</span> <span class='ocrx_word' id='word_1_7' title='bbox 1400 796 1409 813; x_wconf 82' lang='lat'><em>.</em></span> 
     </span>
    </p>
   </div>
   <div class='ocr_carea' id='block_1_3' title="bbox 409 864 1308 2347">
    <p class='ocr_par' dir='ltr' id='par_1_3' title="bbox 409 864 1308 1884">
     <span class='ocr_line' id='line_1_3' title="bbox 449 864 1304 964; baseline 0.001 -26"><span class='ocrx_word' id='word_1_8' title='bbox 449 865 529 964; x_wconf 80' lang='lat' dir='ltr'>{igni</span> <span class='ocrx_word' id='word_1_9' title='bbox 547 865 653 954; x_wconf 86' lang='lat' dir='ltr'>vetiti,</span> <span class='ocrx_word' id='word_1_10' title='bbox 671 864 830 938; x_wconf 86' lang='lat' dir='ltr'>Christus</span> <span class='ocrx_word' id='word_1_11' title='bbox 847 887 967 962; x_wconf 80' lang='lat' dir='ltr'>passus</span> <span class='ocrx_word' id='word_1_12' title='bbox 980 881 1033 938; x_wconf 87' lang='lat' dir='ltr'>est</span> <span class='ocrx_word' id='word_1_13' title='bbox 1047 866 1079 938; x_wconf 90' lang='lat' dir='ltr'>in</span> <span class='ocrx_word' id='word_1_14' title='bbox 1094 866 1189 963; x_wconf 77' lang='lat' dir='ltr'>ligno</span> <span class='ocrx_word' id='word_1_15' title='bbox 1201 882 1238 939; x_wconf 89' lang='lat' dir='ltr'>et</span> <span class='ocrx_word' id='word_1_16' title='bbox 1250 865 1304 939; x_wconf 88' lang='lat' dir='ltr'>sic</span> 
     </span>
     <span class='ocr_line' id='line_1_4' title="bbox 449 979 1305 1078; baseline -0.002 -23"><span class='ocrx_word' id='word_1_17' title='bbox 449 979 625 1055; x_wconf 77' lang='lat' dir='ltr'>satisfecit</span> <span class='ocrx_word' id='word_1_18' title='bbox 676 979 909 1077; x_wconf 81' lang='lat' dir='ltr'>Augustinus:</span> <span class='ocrx_word' id='word_1_19' title='bbox 951 979 1150 1078; x_wconf 76' lang='lat' dir='ltr'>Contempsit</span> <span class='ocrx_word' id='word_1_20' title='bbox 1195 979 1305 1053; x_wconf 79' lang='lat' dir='ltr'><strong><em>Adam</em></strong></span> 
     </span>
     <span class='ocr_line' id='line_1_5' title="bbox 446 1093 1304 1194; baseline 0 -26"><span class='ocrx_word' id='word_1_21' title='bbox 446 1103 656 1194; x_wconf 68' lang='lat' dir='ltr'>procopium,</span> <span class='ocrx_word' id='word_1_22' title='bbox 670 1112 707 1168; x_wconf 87' lang='lat' dir='ltr'>et</span> <span class='ocrx_word' id='word_1_23' title='bbox 729 1118 798 1167; x_wconf 87' lang='lat' dir='ltr'>non</span> <span class='ocrx_word' id='word_1_24' title='bbox 821 1094 907 1168; x_wconf 83' lang='lat' dir='ltr'>dixit</span> <span class='ocrx_word' id='word_1_25' title='bbox 921 1096 1001 1183; x_wconf 76' lang='lat' dir='ltr'>Eva,</span> <span class='ocrx_word' id='word_1_26' title='bbox 1016 1093 1180 1194; x_wconf 79' lang='lat' dir='ltr'>accipiens</span> <span class='ocrx_word' id='word_1_27' title='bbox 1193 1120 1238 1168; x_wconf 86' lang='lat' dir='ltr'>ex</span> <span class='ocrx_word' id='word_1_28' title='bbox 1249 1121 1304 1168; x_wconf 80' lang='lat' dir='ltr'>ar·</span> 
     </span>
     <span class='ocr_line' id='line_1_6' title="bbox 425 1207 1304 1308; baseline 0 -25"><span class='ocrx_word' id='word_1_29' title='bbox 425 1245 435 1291; x_wconf 69' lang='grc' dir='ltr'><strong>ς</strong></span> <span class='ocrx_word' id='word_1_30' title='bbox 450 1209 528 1283; x_wconf 83' lang='lat' dir='ltr'>bore</span> <span class='ocrx_word' id='word_1_31' title='bbox 538 1223 685 1308; x_wconf 70' lang='lat' dir='ltr'>pom,</span> <span class='ocrx_word' id='word_1_32' title='bbox 697 1207 758 1282; x_wconf 83' lang='lat' dir='ltr'>sed</span> <span class='ocrx_word' id='word_1_33' title='bbox 764 1208 922 1307; x_wconf 80' lang='lat' dir='ltr'>quidquid</span> <span class='ocrx_word' id='word_1_34' title='bbox 928 1207 1038 1282; x_wconf 82' lang='lat' dir='ltr'><strong><em>Adam</em></strong></span> <span class='ocrx_word' id='word_1_35' title='bbox 1046 1209 1198 1308; x_wconf 73' lang='lat' dir='ltr'>perdidit,</span> <span class='ocrx_word' id='word_1_36' title='bbox 1212 1210 1304 1285; x_wconf 74' lang='lat' dir='ltr'>cun·-</span> 
     </span>
     <span class='ocr_line' id='line_1_7' title="bbox 449 1324 1308 1425; baseline -0.001 -26"><span class='ocrx_word' id='word_1_37' title='bbox 449 1324 657 1399; x_wconf 67' lang='lat' dir='ltr'>simutant.</span> <span class='ocrx_word' id='word_1_38' title='bbox 676 1327 814 1398; x_wconf 82' lang='lat' dir='ltr'>Psalmo</span> <span class='ocrx_word' id='word_1_39' title='bbox 833 1326 1002 1397; x_wconf 62' lang='lat' dir='ltr'>txuuf:</span> <span class='ocrx_word' id='word_1_40' title='bbox 1023 1325 1114 1422; x_wconf 82' lang='lat' dir='ltr'>Quoe</span> <span class='ocrx_word' id='word_1_41' title='bbox 1130 1351 1194 1398; x_wconf 85' lang='lat' dir='ltr'>non</span> <span class='ocrx_word' id='word_1_42' title='bbox 1211 1326 1308 1425; x_wconf 79' lang='lat' dir='ltr'>rapui</span> 
     </span>
     <span class='ocr_line' id='line_1_8' title="bbox 450 1439 1305 1538; baseline 0.002 -26"><span class='ocrx_word' id='word_1_43' title='bbox 450 1448 524 1513; x_wconf 79' lang='lat' dir='ltr'>tuuc</span> <span class='ocrx_word' id='word_1_44' title='bbox 548 1439 767 1513; x_wconf 79' lang='lat' dir='ltr'><strong><em>exsolvebam.</em></strong></span> <span class='ocrx_word' id='word_1_45' title='bbox 796 1441 889 1537; x_wconf 84' lang='lat' dir='ltr'>Ergo</span> <span class='ocrx_word' id='word_1_46' title='bbox 915 1458 1097 1538; x_wconf 78' lang='lat' dir='ltr'>peccatum</span> <span class='ocrx_word' id='word_1_47' title='bbox 1129 1441 1217 1516; x_wconf 77' lang='lat' dir='ltr'>Adae</span> <span class='ocrx_word' id='word_1_48' title='bbox 1243 1441 1305 1515; x_wconf 85' lang='lat' dir='ltr'>suit</span> 
     </span>
     <span class='ocr_line' id='line_1_9' title="bbox 451 1555 1304 1654; baseline 0.002 -26"><span class='ocrx_word' id='word_1_49' title='bbox 451 1555 645 1644; x_wconf 80' lang='lat' dir='ltr'>maximum,</span> <span class='ocrx_word' id='word_1_50' title='bbox 668 1555 748 1652; x_wconf 79' lang='lat' dir='ltr'>quia</span> <span class='ocrx_word' id='word_1_51' title='bbox 766 1579 874 1652; x_wconf 83' lang='lat' dir='ltr'><strong>poena</strong></span> <span class='ocrx_word' id='word_1_52' title='bbox 891 1555 1171 1653; x_wconf 83' lang='lat' dir='ltr'><strong>correspondens</strong></span> <span class='ocrx_word' id='word_1_53' title='bbox 1189 1560 1304 1654; x_wconf 82' lang='lat' dir='ltr'>cuipae</span> 
     </span>
     <span class='ocr_line' id='line_1_10' title="bbox 451 1664 1304 1770; baseline 0.002 -27"><span class='ocrx_word' id='word_1_54' title='bbox 451 1669 514 1744; x_wconf 82' lang='lat' dir='ltr'>suit</span> <span class='ocrx_word' id='word_1_55' title='bbox 525 1670 717 1744; x_wconf 78' lang='lat' dir='ltr'>maximaet</span> <span class='ocrx_word' id='word_1_56' title='bbox 734 1664 796 1745; x_wconf 78' lang='lat' dir='ltr'>tuit</span> <span class='ocrx_word' id='word_1_57' title='bbox 807 1671 977 1768; x_wconf 83' lang='lat' dir='ltr'>generalis</span> <span class='ocrx_word' id='word_1_58' title='bbox 991 1672 1193 1747; x_wconf 88' lang='lat' dir='ltr'>hominibus.</span> <span class='ocrx_word' id='word_1_59' title='bbox 1208 1674 1304 1770; x_wconf 76' lang='lat' dir='ltr'>Apo</span> 
     </span>
     <span class='ocr_line' id='line_1_11' title="bbox 409 1785 1134 1884; baseline -0.006 -21"><span class='ocrx_word' id='word_1_60' title='bbox 409 1826 438 1862; x_wconf 78' lang='grc' dir='ltr'>ιο</span> <span class='ocrx_word' id='word_1_61' title='bbox 450 1787 576 1859; x_wconf 85' lang='lat' dir='ltr'>stolus:</span> <span class='ocrx_word' id='word_1_62' title='bbox 596 1787 723 1860; x_wconf 80' lang='lat' dir='ltr'><strong><em>Omnes</em></strong></span> <span class='ocrx_word' id='word_1_63' title='bbox 736 1785 998 1884; x_wconf 78' lang='lat' dir='ltr'>peccavemntt&#39;n</span> <span class='ocrx_word' id='word_1_64' title='bbox 1015 1785 1134 1860; x_wconf 79' lang='lat' dir='ltr'><strong><em>Adam.</em></strong></span> 
     </span>
    </p>

    <p class='ocr_par' dir='ltr' id='par_1_4' title="bbox 451 1900 1305 2347">
     <span class='ocr_line' id='line_1_12' title="bbox 504 1900 1303 1999; baseline 0.003 -25"><span class='ocrx_word' id='word_1_65' title='bbox 504 1900 652 1974; x_wconf 82' lang='lat' dir='ltr'>·omnis</span> <span class='ocrx_word' id='word_1_66' title='bbox 686 1919 721 1974; x_wconf 88' lang='lat' dir='ltr'>et</span> <span class='ocrx_word' id='word_1_67' title='bbox 749 1900 837 1975; x_wconf 82' lang='lat' dir='ltr'>Adae</span> <span class='ocrx_word' id='word_1_68' title='bbox 866 1903 970 1999; x_wconf 83' lang='lat' dir='ltr'>culpa</span> <span class='ocrx_word' id='word_1_69' title='bbox 1000 1903 1082 1976; x_wconf 81' lang='lat' dir='ltr'>Evae</span> <span class='ocrx_word' id='word_1_70' title='bbox 1111 1903 1303 1992; x_wconf 76' lang='lat' dir='ltr'>ascribitur,</span> 
     </span>
     <span class='ocr_line' id='line_1_13' title="bbox 452 2016 1305 2115; baseline 0.002 -24"><span class='ocrx_word' id='word_1_71' title='bbox 452 2017 532 2113; x_wconf 79' lang='lat' dir='ltr'>quia</span> <span class='ocrx_word' id='word_1_72' title='bbox 540 2033 630 2091; x_wconf 84' lang='lat' dir='ltr'>teste</span> <span class='ocrx_word' id='word_1_73' title='bbox 639 2016 813 2091; x_wconf 84' lang='lat' dir='ltr'>Aristotile</span> <span class='ocrx_word' id='word_1_74' title='bbox 827 2017 994 2115; x_wconf 86' lang='lat' dir='ltr'>quidquid</span> <span class='ocrx_word' id='word_1_75' title='bbox 1004 2036 1057 2092; x_wconf 75' lang='lat' dir='ltr'>est</span> <span class='ocrx_word' id='word_1_76' title='bbox 1069 2043 1175 2093; x_wconf 80' lang='lat' dir='ltr'>causa</span> <span class='ocrx_word' id='word_1_77' title='bbox 1187 2042 1305 2093; x_wconf 78' lang='lat' dir='ltr'>causae</span> 
     </span>
     <span class='ocr_line' id='line_1_14' title="bbox 451 2133 1303 2209; baseline 0.004 -3"><span class='ocrx_word' id='word_1_78' title='bbox 451 2149 504 2206; x_wconf 84' lang='lat' dir='ltr'>est</span> <span class='ocrx_word' id='word_1_79' title='bbox 528 2157 644 2207; x_wconf 80' lang='lat' dir='ltr'>causae</span> <span class='ocrx_word' id='word_1_80' title='bbox 670 2134 835 2207; x_wconf 78' lang='lat' dir='ltr'>causati».</span> <span class='ocrx_word' id='word_1_81' title='bbox 867 2136 958 2207; x_wconf 84' lang='lat' dir='ltr'>Haec</span> <span class='ocrx_word' id='word_1_82' title='bbox 984 2157 1065 2208; x_wconf 83' lang='lat' dir='ltr'>veru</span> <span class='ocrx_word' id='word_1_83' title='bbox 1089 2151 1166 2208; x_wconf 90' lang='lat' dir='ltr'>sunt</span> <span class='ocrx_word' id='word_1_84' title='bbox 1193 2133 1225 2206; x_wconf 89' lang='lat' dir='ltr'>in</span> <span class='ocrx_word' id='word_1_85' title='bbox 1252 2135 1303 2209; x_wconf 90' lang='lat' dir='ltr'>his</span> 
     </span>
     <span class='ocr_line' id='line_1_15' title="bbox 451 2249 1304 2347; baseline 0 -24"><span class='ocrx_word' id='word_1_86' title='bbox 451 2273 532 2344; x_wconf 83' lang='lat' dir='ltr'>quae</span> <span class='ocrx_word' id='word_1_87' title='bbox 557 2267 645 2338; x_wconf 88' lang='lat' dir='ltr'>sunt,</span> <span class='ocrx_word' id='word_1_88' title='bbox 673 2267 710 2322; x_wconf 91' lang='lat' dir='ltr'>ut</span> <span class='ocrx_word' id='word_1_89' title='bbox 734 2249 854 2322; x_wconf 86' lang='lat' dir='ltr'>melius</span> <span class='ocrx_word' id='word_1_90' title='bbox 880 2249 981 2337; x_wconf 87' lang='lat' dir='ltr'>nosti,</span> <span class='ocrx_word' id='word_1_91' title='bbox 1007 2249 1149 2322; x_wconf 82' lang='lat' dir='ltr'>aliorum</span> <span class='ocrx_word' id='word_1_92' title='bbox 1177 2274 1304 2347; x_wconf 85' lang='lat' dir='ltr'>perse</span> 
     </span>
    </p>
   </div>
   <div class='ocr_carea' id='block_1_4' title="bbox 407 2363 1305 3155">
    <p class='ocr_par' dir='ltr' id='par_1_5' title="bbox 407 2363 1305 3155">
     <span class='ocr_line' id='line_1_16' title="bbox 409 2363 1305 2462; baseline 0 -24"><span class='ocrx_word' id='word_1_93' title='bbox 409 2400 434 2451; x_wconf 74' lang='grc' dir='ltr'>ις</span> <span class='ocrx_word' id='word_1_94' title='bbox 450 2387 577 2451; x_wconf 80' lang='lat' dir='ltr'>causae,</span> <span class='ocrx_word' id='word_1_95' title='bbox 596 2363 692 2460; x_wconf 91' lang='lat' dir='ltr'>quod</span> <span class='ocrx_word' id='word_1_96' title='bbox 719 2388 781 2460; x_wconf 86' lang='lat' dir='ltr'>pat</span> <span class='ocrx_word' id='word_1_97' title='bbox 805 2381 859 2438; x_wconf 88' lang='lat' dir='ltr'>est</span> <span class='ocrx_word' id='word_1_98' title='bbox 883 2365 929 2438; x_wconf 89' lang='lat' dir='ltr'>de</span> <span class='ocrx_word' id='word_1_99' title='bbox 954 2388 1058 2438; x_wconf 80' lang='lat' dir='ltr'>causa</span> <span class='ocrx_word' id='word_1_100' title='bbox 1076 2365 1195 2462; x_wconf 83' lang='lat' dir='ltr'>prima,</span> <span class='ocrx_word' id='word_1_101' title='bbox 1214 2365 1305 2462; x_wconf 86' lang='lat' dir='ltr'>prin-</span> 
     </span>
     <span class='ocr_line' id='line_1_17' title="bbox 451 2478 1304 2578; baseline 0.004 -26"><span class='ocrx_word' id='word_1_102' title='bbox 451 2478 545 2577; x_wconf 91' lang='lat' dir='ltr'>cipio</span> <span class='ocrx_word' id='word_1_103' title='bbox 563 2478 685 2578; x_wconf 85' lang='lat' dir='ltr'>primu,</span> <span class='ocrx_word' id='word_1_104' title='bbox 699 2496 736 2553; x_wconf 86' lang='lat' dir='ltr'>et</span> <span class='ocrx_word' id='word_1_105' title='bbox 754 2497 896 2576; x_wconf 86' lang='lat' dir='ltr'>propter</span> <span class='ocrx_word' id='word_1_106' title='bbox 908 2478 1004 2576; x_wconf 93' lang='lat' dir='ltr'>quod</span> <span class='ocrx_word' id='word_1_107' title='bbox 1020 2505 1120 2554; x_wconf 89' lang='lat' dir='ltr'>unum</span> <span class='ocrx_word' id='word_1_108' title='bbox 1135 2479 1304 2578; x_wconf 87' lang='lat' dir='ltr'>quodque</span> 
     </span>
     <span class='ocr_line' id='line_1_18' title="bbox 451 2594 1305 2697; baseline 0.004 -30"><span class='ocrx_word' id='word_1_109' title='bbox 451 2596 529 2668; x_wconf 75' lang='lat' dir='ltr'>tale.</span> <span class='ocrx_word' id='word_1_110' title='bbox 567 2594 677 2697; x_wconf 88' lang='lat' dir='ltr'>Quod</span> <span class='ocrx_word' id='word_1_111' title='bbox 708 2620 777 2668; x_wconf 90' lang='lat' dir='ltr'>non</span> <span class='ocrx_word' id='word_1_112' title='bbox 804 2594 900 2668; x_wconf 87' lang='lat' dir='ltr'>vides</span> <span class='ocrx_word' id='word_1_113' title='bbox 925 2594 957 2668; x_wconf 90' lang='lat' dir='ltr'>in</span> <span class='ocrx_word' id='word_1_114' title='bbox 985 2597 1056 2669; x_wconf 78' lang='lat' dir='ltr'>Eva</span> <span class='ocrx_word' id='word_1_115' title='bbox 1081 2595 1196 2686; x_wconf 82' lang='lat' dir='ltr'>tuisse,</span> <span class='ocrx_word' id='word_1_116' title='bbox 1222 2597 1305 2693; x_wconf 78' lang='lat' dir='ltr'>quit</span> 
     </span>
     <span class='ocr_line' id='line_1_19' title="bbox 450 2711 1301 2800; baseline 0.002 -16"><span class='ocrx_word' id='word_1_117' title='bbox 450 2711 560 2787; x_wconf 74' lang='lat' dir='ltr'>Adam</span> <span class='ocrx_word' id='word_1_118' title='bbox 578 2714 631 2785; x_wconf 85' lang='lat' dir='ltr'>vel</span> <span class='ocrx_word' id='word_1_119' title='bbox 650 2711 792 2785; x_wconf 82' lang='lat' dir='ltr'>liberum</span> <span class='ocrx_word' id='word_1_120' title='bbox 813 2712 929 2785; x_wconf 78' lang='lat' dir='ltr'>habuit</span> <span class='ocrx_word' id='word_1_121' title='bbox 946 2711 1194 2800; x_wconf 80' lang='lat' dir='ltr'>arbitrium,vei</span> <span class='ocrx_word' id='word_1_122' title='bbox 1213 2737 1301 2795; x_wconf 77' lang='lat' dir='ltr'>non:</span> 
     </span>
     <span class='ocr_line' id='line_1_20' title="bbox 450 2826 1302 2924; baseline 0 -23"><span class='ocrx_word' id='word_1_123' title='bbox 450 2826 477 2901; x_wconf 91' lang='lat' dir='ltr'>si</span> <span class='ocrx_word' id='word_1_124' title='bbox 505 2852 573 2901; x_wconf 92' lang='lat' dir='ltr'>non</span> <span class='ocrx_word' id='word_1_125' title='bbox 601 2827 728 2916; x_wconf 80' lang='lat' dir='ltr'>habuit,</span> <span class='ocrx_word' id='word_1_126' title='bbox 756 2828 880 2900; x_wconf 88' lang='lat' dir='ltr'>nullum</span> <span class='ocrx_word' id='word_1_127' title='bbox 908 2845 1091 2924; x_wconf 78' lang='lat' dir='ltr'>peccatum</span> <span class='ocrx_word' id='word_1_128' title='bbox 1111 2827 1247 2918; x_wconf 85' lang='lat' dir='ltr'>habuit;</span> <span class='ocrx_word' id='word_1_129' title='bbox 1274 2828 1302 2902; x_wconf 93' lang='lat' dir='ltr'>si</span> 
     </span>
     <span class='ocr_line' id='line_1_21' title="bbox 407 2941 1302 3041; baseline 0.002 -25"><span class='ocrx_word' id='word_1_130' title='bbox 407 2981 439 3017; x_wconf 77' lang='grc' dir='ltr'>ιο</span> <span class='ocrx_word' id='word_1_131' title='bbox 452 2943 579 3033; x_wconf 81' lang='lat' dir='ltr'>habuit,</span> <span class='ocrx_word' id='word_1_132' title='bbox 598 2968 683 3041; x_wconf 77' lang='lat' dir='ltr'>ergo</span> <span class='ocrx_word' id='word_1_133' title='bbox 702 2943 772 3016; x_wconf 82' lang='lat' dir='ltr'>Eva</span> <span class='ocrx_word' id='word_1_134' title='bbox 789 2941 907 3040; x_wconf 78' lang='lat' dir='ltr'>coegit</span> <span class='ocrx_word' id='word_1_135' title='bbox 924 2942 1016 3032; x_wconf 84' lang='lat' dir='ltr'>illud,</span> <span class='ocrx_word' id='word_1_136' title='bbox 1027 2942 1123 3040; x_wconf 90' lang='lat' dir='ltr'>quod</span> <span class='ocrx_word' id='word_1_137' title='bbox 1141 2944 1213 3018; x_wconf 86' lang='lat' dir='ltr'>fieri</span> <span class='ocrx_word' id='word_1_138' title='bbox 1233 2970 1302 3018; x_wconf 91' lang='lat' dir='ltr'>non</span> 
     </span>
     <span class='ocr_line' id='line_1_22' title="bbox 452 3056 1303 3155; baseline 0.001 -24"><span class='ocrx_word' id='word_1_139' title='bbox 452 3074 577 3155; x_wconf 89' lang='lat' dir='ltr'>potest.</span> <span class='ocrx_word' id='word_1_140' title='bbox 615 3059 706 3132; x_wconf 80' lang='lat' dir='ltr'>Nam</span> <span class='ocrx_word' id='word_1_141' title='bbox 734 3057 945 3132; x_wconf 80' lang='lat' dir='ltr'>Bernartius:</span> <span class='ocrx_word' id='word_1_142' title='bbox 974 3056 1124 3131; x_wconf 81' lang='lat' dir='ltr'>Liberum</span> <span class='ocrx_word' id='word_1_143' title='bbox 1140 3058 1303 3133; x_wconf 67' lang='lat' dir='ltr'>arbitrium</span> 
     </span>
    </p>
   </div>
   <div class='ocr_carea' id='block_1_5' title="bbox 450 3315 1302 3604">
    <p class='ocr_par' dir='ltr' id='par_1_6' title="bbox 450 3315 1302 3604">
     <span class='ocr_line' id='line_1_23' title="bbox 497 3315 1300 3378; baseline -0.001 -13"><span class='ocrx_word' id='word_1_144' title='bbox 497 3315 532 3377; x_wconf 65' lang='grc' dir='ltr'>(ς)</span> <span class='ocrx_word' id='word_1_145' title='bbox 549 3316 684 3365; x_wconf 80' lang='lat' dir='ltr'>contemsit</span> <span class='ocrx_word' id='word_1_146' title='bbox 701 3315 730 3365; x_wconf 77' lang='lat'>0</span> <span class='ocrx_word' id='word_1_147' title='bbox 764 3315 799 3377; x_wconf 72' lang='grc' dir='ltr'>(ς)</span> <span class='ocrx_word' id='word_1_148' title='bbox 816 3315 939 3377; x_wconf 80' lang='lat' dir='ltr'>quicquid</span> <span class='ocrx_word' id='word_1_149' title='bbox 952 3315 982 3365; x_wconf 90' lang='lat' dir='ltr'>C.</span> <span class='ocrx_word' id='word_1_150' title='bbox 1017 3315 1051 3378; x_wconf 82' lang='lat'>(9)</span> <span class='ocrx_word' id='word_1_151' title='bbox 1062 3315 1259 3365; x_wconf 82' lang='lat' dir='ltr'>hominibusom.</span> <span class='ocrx_word' id='word_1_152' title='bbox 1272 3317 1300 3364; x_wconf 84' lang='lat' dir='ltr'>L.</span> 
     </span>
     <span class='ocr_line' id='line_1_24' title="bbox 450 3394 1302 3458; baseline 0 -15"><span class='ocrx_word' id='word_1_153' title='bbox 450 3395 641 3458; x_wconf 57' lang='lat' dir='ltr'>(inquietatio</span> <span class='ocrx_word' id='word_1_154' title='bbox 659 3395 689 3445; x_wconf 91' lang='lat' dir='ltr'>C.</span> <span class='ocrx_word' id='word_1_155' title='bbox 724 3395 774 3458; x_wconf 72' lang='grc' dir='ltr'>(η)</span> <span class='ocrx_word' id='word_1_156' title='bbox 792 3396 838 3445; x_wconf 76' lang='lat' dir='ltr'>hiis</span> <span class='ocrx_word' id='word_1_157' title='bbox 854 3398 882 3444; x_wconf 84' lang='lat' dir='ltr'>L.</span> <span class='ocrx_word' id='word_1_158' title='bbox 916 3395 966 3457; x_wconf 78' lang='lat'>(18)</span> <span class='ocrx_word' id='word_1_159' title='bbox 984 3397 1023 3443; x_wconf 83' lang='lat' dir='ltr'>vel</span> <span class='ocrx_word' id='word_1_160' title='bbox 1040 3394 1120 3444; x_wconf 75' lang='lat' dir='ltr'>Adam</span> <span class='ocrx_word' id='word_1_161' title='bbox 1137 3395 1302 3444; x_wconf 70' lang='lat' dir='ltr'>habuittibe-</span> 
     </span>
     <span class='ocr_line' id='line_1_25' title="bbox 451 3474 1302 3539; baseline -0.001 -15"><span class='ocrx_word' id='word_1_162' title='bbox 451 3488 505 3524; x_wconf 79' lang='lat' dir='ltr'>rum</span> <span class='ocrx_word' id='word_1_163' title='bbox 522 3478 550 3524; x_wconf 84' lang='lat' dir='ltr'>L.</span> <span class='ocrx_word' id='word_1_164' title='bbox 584 3475 634 3539; x_wconf 83' lang='lat'>(19)</span> <span class='ocrx_word' id='word_1_165' title='bbox 652 3476 800 3525; x_wconf 74' lang='lat' dir='ltr'>hubuitom.</span> <span class='ocrx_word' id='word_1_166' title='bbox 818 3477 846 3524; x_wconf 84' lang='lat' dir='ltr'>L.</span> <span class='ocrx_word' id='word_1_167' title='bbox 886 3474 935 3537; x_wconf 73' lang='lat' dir='ltr'>(to</span> <span class='ocrx_word' id='word_1_168' title='bbox 953 3474 1080 3537; x_wconf 81' lang='lat' dir='ltr'>21)un</span> <span class='ocrx_word' id='word_1_169' title='bbox 1098 3487 1147 3523; x_wconf 88' lang='lat' dir='ltr'>non</span> <span class='ocrx_word' id='word_1_170' title='bbox 1165 3474 1302 3537; x_wconf 73' lang='lat' dir='ltr'>estpotsi·</span> 
     </span>
     <span class='ocr_line' id='line_1_26' title="bbox 451 3554 635 3604; baseline 0.005 -1"><span class='ocrx_word' id='word_1_171' title='bbox 451 3554 511 3604; x_wconf 77' lang='lat' dir='ltr'>bile.</span> <span class='ocrx_word' id='word_1_172' title='bbox 531 3556 595 3604; x_wconf 77' lang='lat' dir='ltr'>Num</span> <span class='ocrx_word' id='word_1_173' title='bbox 607 3556 635 3604; x_wconf 85' lang='lat' dir='ltr'>L.</span> 
     </span>
    </p>
   </div>
   <div class='ocr_carea' id='block_1_6' title="bbox 0 0 1415 4680">
    <p class='ocr_par' dir='ltr' id='par_1_7' title="bbox 0 0 1415 4680">
     <span class='ocr_line' id='line_1_27' title="bbox 0 0 1415 4680; baseline 0 0"><span class='ocrx_word' id='word_1_174' title='bbox 0 0 1415 4680; x_wconf 95' lang='lat' dir='ltr'> </span> 
     </span>
    </p>
   </div>
  </div>
 </body>
</html>
