2820 4680
542 641 599 706 ²77

141 795 368 885 lormidarim,
404 797 588 872 beatissimi
621 798 756 872 scilicet
788 800 991 900 Hieronymi

141 912 259 986 laudes
288 937 447 986 enarrare
477 938 520 987 ac
545 915 638 988 velut
670 939 772 989 anser
800 915 887 990 inter
916 918 992 990 olo-

141 1052 195 1100 res
229 1027 275 1101 de
309 1028 359 1102 eis
401 1029 591 1102 orationem
628 1032 769 1119 habere,
805 1030 837 1103 in
868 1031 992 1128 quibus

140 1143 353 1240 explicandis
381 1145 739 1241 eloquentissimorum
770 1146 906 1244 ingenia
930 1146 992 1221 de-

141 1259 231 1332 fessa
248 1259 510 1357 cognoscimus:
531 1261 563 1333 ni
583 1261 668 1335 illius
684 1262 826 1359 gratiam
844 1280 881 1336 et
897 1263 992 1337 auxi·
1024 1295 1034 1349 t

140 1375 218 1448 lium
250 1375 330 1448 mihi
360 1376 538 1449 affuturum
568 1400 646 1450 esse
676 1376 900 1468 confiderem,
931 1378 991 1475 qui

139 1490 249 1588 aperit
274 1493 398 1564 oculos
423 1515 597 1565 caecorum
619 1507 656 1565 et
672 1492 803 1590 linguas
821 1508 989 1568 mutorum

140 1605 222 1679 sacit
238 1630 316 1680 esse
334 1606 488 1696 disertaS,
508 1648 553 1659 —
572 1624 608 1680 et
624 1631 670 1680 eo
688 1608 806 1704 magis,
824 1632 903 1681 cum
921 1611 991 1684 hoc

140 1721 371 1817 gravissimum
394 1746 481 1794 onus
498 1747 567 1794 non
586 1739 723 1820 sponte,
742 1748 811 1796 non
828 1723 990 1814 elatione,

139 1863 208 1911 non
236 1838 333 1928 fastu,
353 1864 422 1911 non
440 1839 650 1935 eloquentiae
668 1839 831 1912 facultate
846 1839 992 1936 gloriata
1007 1872 1037 1909 ιο

139 1953 369 2050 susceperim,
400 1951 462 2026 sed
492 1953 557 2027 tuis
587 1953 702 2049 potius
731 1953 904 2050 precibus,
934 1970 991 2027 tua

139 2068 338 2142 obedientia
362 2084 521 2141 coactam
549 2068 713 2167 intelligat
733 2085 770 2141 et
787 2093 843 2142 me
860 2093 992 2144 summa

140 2185 296 2257 molestia
313 2183 486 2279 animique
503 2183 694 2257 acerbitate
707 2184 865 2258 allectam
883 2207 990 2282 agno-

138 2316 224 2389 scat,
251 2315 287 2370 ut
312 2298 393 2370 nihil
421 2297 500 2370 mihi
518 2297 664 2396 gravius,
683 2297 765 2371 nihil
782 2297 992 2373 difficiliusa

138 2432 173 2488 te
200 2413 342 2511 praecipi
370 2413 548 2510 potuisset.
582 2414 623 2486 Et
646 2413 674 2486 si
700 2413 879 2509 quisquam
906 2414 990 2487 alius
1007 2448 1033 2502 ις

139 2530 205 2602 hac
230 2527 275 2601 de
302 2553 338 2601 re
365 2528 445 2600 mihi
463 2529 569 2601 verba
587 2527 736 2615 lecisset,
755 2527 916 2624 prolecto
934 2552 990 2601 me

138 2647 183 2717 ab
200 2669 245 2717 eo
263 2642 410 2716 derideri
429 2658 613 2742 putassem.
641 2642 710 2716 Sed
736 2666 814 2715 cum
842 2659 932 2715 tuam
956 2642 989 2715 in

139 2784 193 2832 me
211 2759 401 2847 caritatem,
421 2757 685 2832 benivolentiam
705 2757 830 2830 totiens
841 2773 991 2853 ‚experta

139 2875 270 2963 luerim,
296 2873 354 2970 qui
381 2898 459 2947 cum
479 2898 534 2946 me
551 2873 679 2971 garrire
696 2873 803 2961 vides,
821 2874 990 2970 eloquen-

138 3007 206 3063 tem
237 2988 351 3063 credis
380 3013 422 3062 ac
451 2988 624 3078 disertam,
651 3005 864 3086 praeceptum
895 3005 988 3062 tuum
1004 3023 1036 3060 20

184 3201 218 3263 (ι)
242 3201 324 3249 silicet
348 3200 380 3259 Β,
415 3213 435 3248 s.
463 3200 496 3249 G.
548 3200 691 3248 Hieronimi
717 3199 750 3248 G.
792 3198 826 3262 (2)
851 3212 928 3247 anzer
953 3199 987 3259 G,

138 3282 229 3329 hanser
246 3281 283 3328 M.
318 3280 383 3327 inter
406 3293 452 3327 om.
478 3281 510 3329 G.
546 3278 580 3340 (3)
606 3279 729 3327 rationem
747 3279 780 3328 G.
820 3277 854 3340 (6)
871 3278 989 3327 conside-

137 3377 190 3410 rem
203 3363 236 3410 G.
256 3360 289 3423 (7)
301 3361 403 3429 opperit
414 3361 446 3409 Β.
471 3360 607 3421 mutorum]
621 3360 749 3408 infantium
760 3359 792 3407 Β.
811 3357 844 3421 (8)
854 3371 911 3406 cum
929 3358 988 3420 hoc]

135 3442 210 3491 animi
228 3443 260 3491 G.
296 3442 344 3504 (ιι)
365 3442 494 3502 praecibus
513 3441 576 3489 BM.
612 3440 661 3503 (ιι)
673 3447 791 3489 coactum
802 3439 834 3488 Β.
869 3437 919 3501 (¹6)
942 3440 990 3487 huc

135 3537 181 3571 om.
203 3523 235 3571 Β.
269 3535 308 3583 pr.
332 3534 391 3569 meo
418 3521 450 3569 G.
485 3521 535 3584 (ιθ)
559 3521 707 3569 charitatem
731 3520 763 3569 B.
797 3519 897 3569 tociens
922 3519 987 3568 ΒΜ.

137 3603 186 3665 (¹9)
203 3601 286 3665 garire
297 3600 357 3649 BG.
