2820 4680
523 614 561 674 77

115 769 218 844 clude
226 769 432 844 seditionum
449 766 589 853 semina,
607 789 772 839 summum
790 765 918 837 bonurn
932 764 965 836 in

114 884 305 960 concordia
330 883 471 971 iudices,
514 881 595 979 quia
627 879 731 979 pluris
763 895 840 953 sunt
872 879 965 953 omni

114 1018 251 1076 tesauro
269 1002 416 1074 fraterna
433 997 603 1097 praesidia,
630 1022 709 1095 quae
727 995 807 1084 fide,
833 995 964 1085 officio,

114 1117 314 1192 remissione
345 1130 599 1190 conservantur.
630 1111 793 1186 Maximae
819 1128 854 1184 et
880 1111 965 1185 anti-

113 1232 285 1331 quissimae
312 1231 425 1328 copiae
443 1245 565 1303 vestrae
584 1252 672 1326 pace
694 1228 913 1300 firmabuntur
929 1243 965 1300 et
997 1268 1006 1318 ς

113 1347 194 1445 quia
210 1347 340 1445 optime
354 1362 462 1444 partae
475 1362 563 1434 sunt,
580 1362 723 1418 aeternae
740 1344 831 1416 lient.
849 1342 965 1416 Obsta

113 1463 298 1562 principiis,
325 1462 485 1560 quoniam
513 1461 630 1534 melius
656 1477 709 1533 est
735 1459 861 1531 intacta
885 1481 964 1531 cor-

113 1603 198 1676 pora
223 1578 358 1668 servari,
377 1602 478 1675 quam
497 1592 576 1674 post
601 1577 719 1648 vulnus
736 1573 893 1648 salutaria
910 1599 962 1647 re·

113 1692 226 1768 media
243 1718 409 1791 quaerere.
432 1691 591 1781 Provide,
611 1717 654 1764 ne
671 1689 799 1788 aliquid
816 1691 959 1764 eveniat.

114 1809 203 1882 Nam
222 1833 299 1882 curn
319 1809 351 1880 in
370 1809 419 1882 ius
432 1808 545 1881 vocati
564 1807 697 1895 suerint,
715 1806 1007 1903 omniapatro-10

114 1951 232 1999 norum
259 1926 397 2000 arbitrio
425 1925 569 2011 sacient,
598 1949 672 1997 mos
706 1923 755 1996 eis
788 1922 960 2021 gerendus

110 2041 185 2131 erit,
212 2041 269 2139 qui
295 2041 470 2114 victoriam
497 2040 590 2113 brevi
616 2040 824 2138 promittent.
857 2039 890 2112 Si
925 2056 959 2113 te

110 2158 280 2256 principio
297 2159 520 2230 vehementer
544 2156 758 2254 opposueris,
778 2182 846 2229 non
864 2157 960 2230 labo·

110 2273 200 2346 rabis
218 2273 355 2360 lrustra3
383 2297 461 2346 cum
483 2272 613 2370 optime
632 2271 770 2345 modum
790 2272 820 2344 in
840 2290 874 2346 te
892 2256 959 2346 sta-

110 2389 223 2476 tueris,
250 2389 335 2462 alios
361 2388 520 2461 facillime
538 2389 773 2484 obsequentes
804 2389 956 2462 habebis.
977 2422 1000 2465 n

110 2505 198 2593 Tua,
209 2503 236 2577 si
250 2528 339 2602 opus
352 2522 415 2591 est,
426 2503 563 2601 prodas,
576 2521 610 2576 ut
628 2504 764 2577 fratrum
783 2504 957 2577 caritatem

108 2643 235 2707 serves,
263 2644 328 2692 nec
355 2636 543 2716 egestatem
566 2619 696 2708 timeas,
715 2620 876 2717 quoniam
894 2619 958 2693 do·

109 2734 217 2808 minus
235 2760 303 2809 non
321 2733 526 2830 derelinquit
542 2753 720 2831 sperantes
738 2736 770 2808 in
787 2760 835 2808 se.
852 2738 958 2808 Tem·

107 2872 171 2946 pus
204 2866 268 2939 est,
303 2875 374 2947 quo
407 2850 562 2923 virtutem
598 2867 687 2923 tuam
723 2851 754 2922 in
782 2851 957 2948 proximos

106 2964 278 3039 ostendas.
308 2967 366 3038 Ne
391 2965 495 3038 sciam
522 2982 579 3039 tua
603 2966 788 3040 rusticitate
814 2967 876 3041 sibi
894 2967 956 3041 soli
971 3001 1002 3036 ιο

106 3080 223 3177 prosit.
253 3083 334 3154 Non
360 3081 535 3179 permittas
561 3083 658 3156 huius
684 3083 760 3156 mali
778 3083 956 3180 contagio·

106 3220 185 3269 nem
202 3220 354 3294 serpere,
373 3197 534 3293 quoniam
552 3198 580 3272 si
599 3215 780 3272 nascentes
799 3201 859 3273 has
876 3224 955 3297 per·

106 3311 317 3386 turbationes
342 3311 491 3403 sedabis,
519 3331 648 3411 quanto
674 3315 777 3411 pluris
798 3333 851 3389 est
869 3315 955 3389 cari-

151 3494 185 3558 (ς)
200 3495 365 3546 lranabuntur
382 3497 411 3546 C.
454 3499 488 3562 (8)
513 3506 599 3561 potest
619 3498 649 3548 C.
684 3498 733 3563 (η)
755 3515 794 3563 pr.
816 3502 953 3551 uhemente

103 3581 131 3628 et
147 3575 286 3641 oposueris
303 3575 333 3626 G
368 3576 415 3639 (κο.
435 3577 473 3641 21)
500 3579 541 3628 Ne
557 3578 749 3642 sciam-prosit
764 3582 896 3646 centuplum
910 3582 951 3630 est.
