2820 4680
556 586 606 646 ¹9¹

151 743 220 814 hoc
247 740 430 837 perspicue
455 739 588 812 videtur
615 738 646 810 in
677 736 895 824 contrarium,
923 760 998 809 nem

150 856 235 930 dixit
247 855 333 929 deus
347 856 496 929 mulieri:
515 851 742 952 Multiplicebo
755 877 917 926 erumnas
929 860 1001 924 tues

149 980 182 1045 et
203 979 375 1069 conceptus
392 978 479 1057 teot;
495 969 528 1042 in
544 968 655 1042 dolore
668 967 779 1067 peries
786 966 879 1069 filios
895 976 927 1040 et
940 967 1001 1040 sub

149 1085 208 1160 viri
217 1094 378 1184 potestate
389 1085 459 1158 erit.
479 1084 566 1159 Adae
575 1109 659 1159 vero
668 1083 770 1157 dixit:
783 1081 1003 1181 Quiaaudisti

149 1225 257 1274 vocem
275 1200 384 1274 uxon's
400 1209 465 1274 tuae
481 1209 514 1273 et
528 1198 694 1273 comedisti
708 1199 750 1272 de
766 1198 863 1297 tigno,
875 1223 920 1271 ex
935 1222 1000 1297 quo
1032 1244 1042 1297 t

145 1330 366 1415 praeceperam
399 1314 457 1389 tibi
487 1339 528 1387 ne
556 1314 739 1388 comederes
772 1312 873 1407 (ecce
902 1313 999 1411 quod

148 1431 291 1521 videtur,
318 1431 415 1530 quod
432 1430 519 1505 deus
532 1434 642 1504 solum
660 1430 829 1527 praecepit
846 1429 944 1515 Adae4
962 1446 1000 1503 et

148 1573 216 1622 non
244 1547 338 1644 Evoe)
374 1546 546 1620 meledicta
571 1555 654 1619 terra
680 1546 710 1618 in
735 1560 833 1644 opere
858 1554 923 1637 tuo,
966 1545 999 1619 in

147 1661 311 1736 laboribus
319 1662 469 1737 comedes
477 1687 523 1735 ex
535 1686 577 1735 ea
585 1660 705 1735 eunetis
713 1660 827 1734 diebus
835 1661 910 1735 vitae
921 1671 995 1735 teae.

146 1778 265 1878 Spines
289 1788 322 1852 et
344 1778 474 1852 tributos
495 1776 684 1876 geminabit
711 1776 770 1850 tibi
795 1786 828 1850 et
850 1777 999 1851 comedes
1014 1821 1043 1859 ,ο

146 1894 262 1968 tertis
278 1904 379 1968 tenoe.
398 1897 437 1967 In
454 1893 571 1966 sudore
587 1892 689 1966 vultus
705 1892 752 1966 tui
761 1892 895 1966 vesceret
906 1907 999 1992 pane

145 2019 211 2101 teo,
224 2010 327 2083 donec
336 2009 499 2084 revertent
508 2009 539 2082 in
548 2019 674 2102 terrain,
687 2009 803 2107 deque
815 2019 998 2109 assumptus

145 2151 192 2219 ee,
221 2125 298 2225 quie
318 2126 426 2225 pulvis
451 2152 486 2199 es
515 2125 606 2198 etin
631 2125 795 2224 pulverem
825 2125 994 2200 revertent

147 2243 241 2316 Ecce
266 2242 363 2340 quod
380 2242 497 2317 durior
513 2241 646 2316 videtur
664 2266 771 2340 poena
788 2242 875 2316 Adae
892 2267 994 2339 quem

146 2359 237 2445 Evae,
256 2382 332 2431 nam
358 2358 390 2431 ei
417 2358 517 2431 dixit:
538 2360 575 2430 In
587 2357 752 2455 pulverem
769 2356 939 2450 revertent,
960 2375 997 2431 et
1012 2401 1038 2452 ,ς

145 2497 213 2546 non
240 2475 332 2562 Evae,
359 2491 395 2547 et
421 2474 571 2548 ultimum
598 2475 795 2548 terribilium
813 2491 867 2548 est
883 2500 993 2553 mors:

143 2613 229 2686 ergo
253 2588 388 2663 videtur
413 2591 575 2664 maiorem
611 2590 713 2664 tuisse
740 2615 880 2689 poenam
906 2591 994 2666 Adae

143 2728 246 2801 quam
274 2706 365 2779 Evae.
396 2708 487 2780 Haec
515 2722 551 2780 ut
577 2724 645 2781 tuae
672 2708 835 2799 voluntati
862 2732 992 2782 morem

142 2844 310 2917 gererem,
341 2822 473 2919 scripsi,
503 2823 566 2896 sed
596 2847 675 2896 cum
710 2823 832 2897 timore
866 2839 992 2912 tamen,

142 2934 316 3032 quianon
344 2939 526 3035 hocopus
552 2938 735 3012 femineum
761 2956 832 3027 est;
863 2940 926 3014 sed
956 2955 992 3012 tu
1007 2978 1039 3015 ιο

188 3296 222 3361 (a)
247 3296 314 3348 deut
335 3298 397 3348 dixit
428 3302 455 3348 V.
489 3313 625 3363 erumpnas
657 3304 683 3351 V.
728 3303 763 3367 (ς)
790 3313 932 3369 cunoeptus
963 3309 990 3358 V.

141 3376 173 3439 (⁶.
192 3375 217 3439 7)
241 3390 305 3428 ecee
329 3379 390 3441 quin
411 3381 494 3429 totum
515 3380 567 3430 vid.
591 3381 662 3444 quod
687 3382 714 3433 d.
739 3385 858 3447 pereepit
873 3385 942 3437 udde
963 3389 990 3437 V.

141 3454 191 3519 (u)
208 3465 325 3521 sumptus
341 3459 370 3509 c.
405 3458 455 3523 (υ)
473 3460 533 3523 quii
550 3475 576 3524 p.
595 3463 727 3514 esem
761 3464 989 3528 (19Jxriitsetv.

140 3534 190 3599 (ιο)
207 3537 279 3600 quod
297 3538 327 3589 C
361 3548 400 3591 ott
416 3553 462 3591 om.
482 3540 512 3591 C
