2820 4680
813 575 872 638 4¹2

419 733 541 809 iuverit
557 749 594 806 et
611 731 667 805 ubi
684 755 775 830 opus
792 730 892 805 suerit
908 729 1135 805 exornaverit
1160 729 1272 803 Com·

419 871 611 922 memorare
629 871 767 944 possem
786 845 932 920 civitatis
949 845 1048 920 huius
1072 845 1273 943 complures

419 965 522 1039 infimi
540 982 576 1037 et
588 962 727 1037 obscuri
740 962 808 1036 loci
823 963 993 1052 mulieres,
1007 987 1093 1059 quas
1111 985 1272 1037 mansue·

418 1079 547 1154 tissima
564 1078 684 1153 mulier
700 1094 793 1152 tanta
818 1077 1049 1152 benivolentia
1074 1093 1111 1152 et
1128 1075 1273 1152 caritate

393 1195 727 1294 scomplectebatur,
746 1209 782 1267 ut
799 1217 860 1267 eas
877 1192 1017 1292 quidem
1037 1216 1104 1267 nec
1122 1191 1273 1266 comites

419 1309 783 1409 dedignaretur‚quain
794 1308 944 1406 remagis
953 1308 1093 1382 emicuit
1101 1305 1273 1382 claritudo

419 1451 488 1501 sua.
511 1426 605 1499 Nihil
623 1425 713 1499 enim
733 1425 765 1497 in
784 1426 869 1498 urbe
887 1441 1003 1498 nostra
1021 1424 1083 1498 suit
1100 1422 1272 1513 illustrius,

420 1566 521 1638 quam
540 1539 691 1615 dominae
709 1539 917 1614 Elisabethae
935 1539 1082 1614 comitas
1098 1555 1136 1613 et
1153 1539 1274 1612 huma-

421 1655 518 1745 nitas,
532 1655 656 1754 quibus
669 1655 697 1729 si
710 1654 841 1729 alienos
851 1670 980 1728 tantum
990 1653 1054 1728 sibi
1067 1653 1273 1744 devinxerit,

376 1771 503 1870 mquid
520 1771 733 1845 domesticos
749 1769 918 1844 dixerim?
938 1772 1020 1844 Non
1039 1793 1190 1868 possum,
1208 1793 1276 1867 op

419 1886 501 1974 timi,
521 1912 589 1959 non
602 1885 736 1983 longius
748 1885 922 1983 progredi,
941 1910 1019 1958 cum
1037 1887 1221 1985 plangores
1237 1900 1277 1957 et

418 2002 562 2076 eiulatus
578 2026 752 2074 servorum
774 2018 810 2074 et
835 2000 1031 2075 ancillarum
1058 1998 1275 2088 reminiscor,

420 2116 543 2214 quibus
555 2117 660 2215 paulo
668 2131 748 2190 ante
765 2115 849 2190 atria
866 2117 1126 2213 conplebantur.
1146 2117 1276 2187 Testes

419 2248 497 2305 sunt
512 2231 720 2329 gravissimae
737 2230 932 2305 clementiae
950 2248 986 2304 et
1007 2228 1277 2305 mansuetudinis

379 2379 405 2433 ις
421 2344 571 2420 dominae
585 2372 667 2437 suae,
679 2371 780 2446 quam
791 2346 903 2421 miseri
918 2346 963 2419 illi
976 2345 1117 2445 quidem
1131 2372 1201 2420 non
1215 2370 1276 2419 ve-

421 2461 480 2534 luti
499 2460 683 2552 dominam,
702 2461 765 2535 sed
783 2462 880 2560 quasi
899 2479 1077 2560 parentem
1096 2462 1225 2535 flebant
1237 2480 1276 2534 et

422 2578 675 2674 proclamantes
692 2578 921 2674 appellabant.
966 2580 1046 2651 Erat
1063 2577 1153 2652 enim
1172 2600 1277 2674 spec-

422 2691 719 2766 tatissimamulier
731 2708 767 2765 et
779 2692 890 2766 suavis
903 2710 940 2766 et
953 2691 1103 2766 iocunda
1115 2692 1277 2766 omnibus

423 2824 460 2881 et
472 2832 549 2880 eam
565 2832 632 2880 non
647 2806 754 2904 magis
767 2809 973 2881 verebantur
986 2833 1088 2906 quam
1102 2808 1274 2881 amabant.

380 2960 411 2994 ιο
426 2922 535 3024 Quod
545 2921 685 3019 quidem
700 2922 1098 3020 probatissimaquaeque
1108 2939 1275 3014 matrona,

424 3037 533 3136 qualis
552 3037 625 3135 ipsa
643 3037 715 3127 luit,
735 3063 945 3135 magnopere
962 3039 1142 3113 elaborare
1155 3037 1274 3112 debet.

425 3156 474 3227 Ita
490 3152 581 3226 enim
600 3178 656 3227 res
674 3152 844 3228 familiaris
869 3180 933 3229 suo
958 3154 1081 3229 ordine
1103 3152 1276 3253 procedit,

425 3267 458 3341 in
490 3292 559 3365 qua
587 3268 674 3343 servi
700 3287 737 3343 et
761 3270 895 3345 ancillae
918 3297 986 3345 non
1016 3273 1129 3345 solum
1155 3270 1187 3343 vi
1212 3269 1276 3345 sed

472 3530 505 3594 (r.
526 3533 548 3596 ι)
565 3533 758 3581 commemorari
776 3534 805 3582 C.
840 3532 873 3599 (ς)
890 3535 963 3596 qussi
979 3536 1009 3586 C.
