2820 4680
661 593 711 659 ¹²5

253 745 366 821 audivi
385 763 592 843 consumpta
602 771 680 821 esse
694 759 807 845 pauca
820 747 875 821 illa
893 746 1110 824 medicinalia

254 878 418 951 aromata,
437 887 517 960 quae
534 862 668 936 anobis
682 863 860 952 habueras,
874 879 910 936 et
923 863 1110 960 spiritualia

254 978 356 1052 etiam
374 978 449 1053 sine
476 979 720 1076 temporalibus
747 978 803 1053 diu
832 1004 909 1053 esse
937 1005 1004 1053 non
1028 1005 1109 1078 pos-

147 1118 149 1122 ·
254 1112 343 1185 sunt,
365 1111 401 1168 te
417 1120 492 1184 or0,
513 1111 548 1168 ut
573 1120 653 1192 quae
670 1120 691 1168 a
709 1120 765 1169 me
783 1094 842 1168 tibi
862 1095 934 1169 dari
954 1113 1108 1193 possunt,

255 1210 407 1308 accipias
420 1234 487 1284 nec
501 1208 585 1309 quid
598 1210 710 1299 detur,
724 1209 787 1284 sed
801 1235 870 1309 qua
884 1228 1010 1299 mente,
1024 1236 1110 1285 con·
1142 1247 1151 1296 ς

255 1326 396 1402 sideres.
425 1324 536 1427 Quod
561 1327 588 1400 si
616 1327 734 1415 sacies,
762 1329 852 1400 nulla
875 1327 934 1400 tibi
959 1327 1111 1425 gratiora

257 1466 397 1516 munera
409 1458 518 1516 erunt.
533 1442 636 1539 Apud
650 1442 752 1516 etiam
767 1442 943 1517 dominum
959 1459 1109 1517 nostrum

256 1561 408 1632 Yhesum
423 1557 610 1647 Christum,
622 1582 725 1654 quem
740 1574 775 1630 tu
789 1557 901 1655 diligis
911 1575 947 1631 et
956 1558 1107 1650 imitaris,

257 1673 395 1747 minima
424 1673 481 1770 pie
511 1673 592 1747 data
621 1673 880 1771 magnificantur
908 1691 945 1748 et
969 1674 1111 1750 sordida

257 1789 470 1863 illustrantur.
493 1788 650 1862 Mulieris
667 1788 808 1862 obolum
832 1814 948 1887 regum
968 1790 1110 1864 tesauris
1126 1825 1156 1862 ιο

255 1904 485 2003 antepositum
504 1903 574 1978 suit.
607 1908 811 1994 ArtaserseS,
831 1930 889 1978 rex
919 1907 1109 1996 Persarum,

256 2045 380 2119 aquam
399 2020 554 2094 manibus
571 2044 592 2094 a
617 2020 837 2117 pauperrimo
854 2022 1004 2094 oblatam
1030 2022 1111 2095 sub·

257 2134 372 2210 ridens
388 2135 528 2232 accepit
544 2152 581 2209 et
598 2135 801 2209 donatorem
819 2152 938 2233 patera
954 2160 1059 2211 aurea
1076 2153 1112 2211 et

258 2251 405 2326 denariis
426 2268 564 2325 centum
591 2249 742 2339 donavit,
766 2251 895 2348 regium
913 2251 1111 2327 existimans

258 2393 362 2466 parva
380 2366 624 2442 iocundissime
642 2366 805 2463 accipere
831 2383 867 2440 et
884 2392 1007 2465 magna
1024 2368 1111 2442 libe-
1128 2404 1153 2453 ις

258 2483 421 2558 ralissime
436 2482 529 2556 dare.
542 2482 651 2556 Cuius
665 2485 828 2579 exemplo
842 2500 876 2555 tu
891 2485 969 2557 lraec
984 2484 1112 2582 Aegip-

259 2600 304 2673 tia
322 2597 545 2673 condimenta
563 2600 644 2672 laeto
661 2596 776 2671 animo
793 2598 931 2695 suscipe
954 2615 990 2672 et
1007 2599 1112 2672 caele

258 2734 328 2790 stes
347 2733 420 2788 tuas
437 2739 572 2811 preces,
592 2740 672 2812 quae
690 2714 782 2787 omni
801 2738 886 2809 auro
912 2713 993 2787 mihi
1012 2731 1112 2811 opta·

259 2832 398 2907 biliores
419 2849 589 2928 sunt,‚pro
609 2830 707 2904 nobis
733 2830 857 2903 offerre
877 2855 944 2903 non
961 2829 1113 2927 graveris

259 2948 453 3047 redeasque
478 2947 521 3021 ad
541 2964 631 3020 tuam
651 2946 683 3019 in
710 2971 765 3020 me
792 2945 967 3043 pietatem,
995 2961 1031 3018 ut
1057 2970 1112 3018 me
1127 2983 1158 3018 ιο

260 3067 292 3139 in
311 3064 452 3140 caritate
469 3062 736 3137 constantiorem
755 3086 881 3135 serves.
907 3060 1006 3134 Licet
1024 3063 1113 3135 nulla

259 3183 390 3258 offensa
420 3179 548 3254 moveri
575 3202 725 3275 possem,
744 3176 905 3274 quoniam
933 3177 1012 3251 talia
1035 3193 1114 3250 sunt

260 3325 348 3374 meae
367 3298 398 3371 in
418 3315 452 3371 te
475 3293 717 3370 benivolentiae
745 3293 834 3367 iacta
859 3293 1000 3383 semina,
1027 3294 1113 3368 tales

306 3483 339 3545 (4)
357 3484 423 3531 horo
440 3481 470 3531 C.
505 3480 539 3543 (8)
557 3478 676 3528 inmitaris
691 3477 721 3527 C.
755 3477 805 3540 (14)
822 3478 943 3528 denarios
960 3480 990 3528 C.
1015 3477 1063 3541 (ις)
1077 3478 1113 3528 lo

260 3564 412 3614 cundissirna
429 3562 459 3612 C
494 3561 541 3625 (18.
563 3561 600 3624 19)
617 3560 793 3611 obtabilliores
811 3560 840 3611 C.
