<?xml version="1.0" encoding="UTF-8"?>
<!DOCTYPE html PUBLIC "-//W3C//DTD XHTML 1.0 Transitional//EN"
    "http://www.w3.org/TR/xhtml1/DTD/xhtml1-transitional.dtd">
<html xmlns="http://www.w3.org/1999/xhtml" xml:lang="en" lang="en">
 <head>
  <title>
</title>
<meta http-equiv="Content-Type" content="text/html;charset=utf-8" />
  <meta name='ocr-system' content='tesseract 3.04.00' />
  <meta name='ocr-capabilities' content='ocr_page ocr_carea ocr_par ocr_line ocrx_word'/>
</head>
<body>
  <div class='ocr_page' id='page_1' title='image "./isotnogarolvero01nogagoog/isotnogarolvero01nogagoog_0444.png"; bbox 0 0 2820 4680; ppageno 0'>
   <div class='ocr_carea' id='block_1_1' title="bbox 554 608 613 675">
    <p class='ocr_par' dir='ltr' id='par_1_1' title="bbox 554 608 613 675">
     <span class='ocr_line' id='line_1_1' title="bbox 554 608 613 675; baseline 0.051 -3"><span class='ocrx_word' id='word_1_1' title='bbox 554 608 613 675; x_wconf 77' lang='lat'>437</span> 
     </span>
    </p>
   </div>
   <div class='ocr_carea' id='block_1_2' title="bbox 150 765 1057 3289">
    <p class='ocr_par' dir='ltr' id='par_1_2' title="bbox 150 765 1057 3289">
     <span class='ocr_line' id='line_1_2' title="bbox 161 765 1014 868; baseline 0.005 -30"><span class='ocrx_word' id='word_1_2' title='bbox 161 765 309 840; x_wconf 89' lang='lat' dir='ltr'>muneris</span> <span class='ocrx_word' id='word_1_3' title='bbox 339 792 453 864; x_wconf 90' lang='lat' dir='ltr'>neque</span> <span class='ocrx_word' id='word_1_4' title='bbox 482 766 614 864; x_wconf 86' lang='lat' dir='ltr'>signum</span> <span class='ocrx_word' id='word_1_5' title='bbox 644 792 768 840; x_wconf 87' lang='lat' dir='ltr'>aenum</span> <span class='ocrx_word' id='word_1_6' title='bbox 800 791 915 868; x_wconf 90' lang='lat' dir='ltr'>neque</span> <span class='ocrx_word' id='word_1_7' title='bbox 942 792 1014 842; x_wconf 88' lang='lat' dir='ltr'>rem</span> 
     </span>
     <span class='ocr_line' id='line_1_3' title="bbox 160 882 1016 981; baseline 0.005 -28"><span class='ocrx_word' id='word_1_8' title='bbox 160 883 270 955; x_wconf 87' lang='lat' dir='ltr'>ullam.</span> <span class='ocrx_word' id='word_1_9' title='bbox 288 884 384 955; x_wconf 94' lang='lat' dir='ltr'>Nolo</span> <span class='ocrx_word' id='word_1_10' title='bbox 395 882 555 981; x_wconf 85' lang='lat' dir='ltr'>prolecto</span> <span class='ocrx_word' id='word_1_11' title='bbox 568 883 630 955; x_wconf 87' lang='lat' dir='ltr'>abs</span> <span class='ocrx_word' id='word_1_12' title='bbox 645 899 679 954; x_wconf 91' lang='lat' dir='ltr'>te</span> <span class='ocrx_word' id='word_1_13' title='bbox 693 882 891 981; x_wconf 89' lang='lat' dir='ltr'>quicquam,</span> <span class='ocrx_word' id='word_1_14' title='bbox 906 907 950 957; x_wconf 88' lang='lat' dir='ltr'>ne</span> <span class='ocrx_word' id='word_1_15' title='bbox 960 909 1016 957; x_wconf 88' lang='lat' dir='ltr'>me</span> 
     </span>
     <span class='ocr_line' id='line_1_4' title="bbox 160 997 1017 1096; baseline 0.005 -28"><span class='ocrx_word' id='word_1_16' title='bbox 160 997 266 1094; x_wconf 84' lang='lat' dir='ltr'>magis</span> <span class='ocrx_word' id='word_1_17' title='bbox 300 997 472 1070; x_wconf 80' lang='lat' dir='ltr'>arbitreris</span> <span class='ocrx_word' id='word_1_18' title='bbox 501 1021 582 1095; x_wconf 85' lang='lat' dir='ltr'>quae</span> <span class='ocrx_word' id='word_1_19' title='bbox 608 1013 665 1070; x_wconf 89' lang='lat' dir='ltr'>tua</span> <span class='ocrx_word' id='word_1_20' title='bbox 690 1016 778 1084; x_wconf 92' lang='lat' dir='ltr'>sunt,</span> <span class='ocrx_word' id='word_1_21' title='bbox 807 997 903 1096; x_wconf 92' lang='lat' dir='ltr'>quod</span> <span class='ocrx_word' id='word_1_22' title='bbox 929 998 1017 1073; x_wconf 93' lang='lat' dir='ltr'>deus</span> 
     </span>
     <span class='ocr_line' id='line_1_5' title="bbox 158 1110 1015 1211; baseline 0.005 -28"><span class='ocrx_word' id='word_1_23' title='bbox 158 1128 298 1202; x_wconf 88' lang='lat' dir='ltr'>avertat,</span> <span class='ocrx_word' id='word_1_24' title='bbox 317 1138 419 1210; x_wconf 87' lang='lat' dir='ltr'>quam</span> <span class='ocrx_word' id='word_1_25' title='bbox 438 1128 473 1185; x_wconf 94' lang='lat' dir='ltr'>te</span> <span class='ocrx_word' id='word_1_26' title='bbox 490 1110 661 1186; x_wconf 84' lang='lat' dir='ltr'>dilexisse.</span> <span class='ocrx_word' id='word_1_27' title='bbox 686 1112 855 1211; x_wconf 88' lang='lat' dir='ltr'>Equidem</span> <span class='ocrx_word' id='word_1_28' title='bbox 874 1113 1015 1187; x_wconf 87' lang='lat' dir='ltr'>incensa</span> 
     </span>
     <span class='ocr_line' id='line_1_6' title="bbox 158 1226 1056 1327; baseline 0.01 -29"><span class='ocrx_word' id='word_1_29' title='bbox 158 1249 231 1299; x_wconf 92' lang='lat' dir='ltr'>surn</span> <span class='ocrx_word' id='word_1_30' title='bbox 246 1252 364 1301; x_wconf 86' lang='lat' dir='ltr'>amore</span> <span class='ocrx_word' id='word_1_31' title='bbox 378 1227 425 1300; x_wconf 91' lang='lat' dir='ltr'>tui</span> <span class='ocrx_word' id='word_1_32' title='bbox 439 1252 581 1315; x_wconf 90' lang='lat' dir='ltr'>summa,</span> <span class='ocrx_word' id='word_1_33' title='bbox 597 1243 632 1299; x_wconf 92' lang='lat' dir='ltr'>ut</span> <span class='ocrx_word' id='word_1_34' title='bbox 645 1252 740 1325; x_wconf 88' lang='lat' dir='ltr'>saepe</span> <span class='ocrx_word' id='word_1_35' title='bbox 754 1226 836 1316; x_wconf 90' lang='lat' dir='ltr'>dixi,</span> <span class='ocrx_word' id='word_1_36' title='bbox 847 1245 1013 1327; x_wconf 86' lang='lat' dir='ltr'>expecta·</span> <span class='ocrx_word' id='word_1_37' title='bbox 1047 1255 1056 1307; x_wconf 84' lang='lat' dir='ltr'>t</span> 
     </span>
     <span class='ocr_line' id='line_1_7' title="bbox 158 1341 1013 1442; baseline 0.004 -28"><span class='ocrx_word' id='word_1_38' title='bbox 158 1342 253 1415; x_wconf 89' lang='lat' dir='ltr'>tione</span> <span class='ocrx_word' id='word_1_39' title='bbox 276 1343 494 1416; x_wconf 85' lang='lat' dir='ltr'>maximarum</span> <span class='ocrx_word' id='word_1_40' title='bbox 521 1341 680 1417; x_wconf 86' lang='lat' dir='ltr'>virtutum</span> <span class='ocrx_word' id='word_1_41' title='bbox 706 1358 849 1433; x_wconf 89' lang='lat' dir='ltr'>tuarum,</span> <span class='ocrx_word' id='word_1_42' title='bbox 868 1368 1013 1442; x_wconf 86' lang='lat' dir='ltr'>praeser-</span> 
     </span>
     <span class='ocr_line' id='line_1_8' title="bbox 159 1457 1013 1557; baseline 0.004 -28"><span class='ocrx_word' id='word_1_43' title='bbox 159 1457 216 1530; x_wconf 93' lang='lat' dir='ltr'>tirn</span> <span class='ocrx_word' id='word_1_44' title='bbox 232 1483 310 1532; x_wconf 89' lang='lat' dir='ltr'>curn</span> <span class='ocrx_word' id='word_1_45' title='bbox 325 1458 358 1530; x_wconf 93' lang='lat' dir='ltr'>in</span> <span class='ocrx_word' id='word_1_46' title='bbox 368 1474 403 1532; x_wconf 91' lang='lat' dir='ltr'>te</span> <span class='ocrx_word' id='word_1_47' title='bbox 418 1460 493 1557; x_wconf 93' lang='lat' dir='ltr'>plus</span> <span class='ocrx_word' id='word_1_48' title='bbox 506 1457 554 1531; x_wconf 86' lang='lat' dir='ltr'>rei</span> <span class='ocrx_word' id='word_1_49' title='bbox 569 1483 671 1556; x_wconf 88' lang='lat' dir='ltr'>quarn</span> <span class='ocrx_word' id='word_1_50' title='bbox 681 1458 920 1532; x_wconf 80' lang='lat' dir='ltr'>ostentationis</span> <span class='ocrx_word' id='word_1_51' title='bbox 934 1482 1013 1533; x_wconf 87' lang='lat' dir='ltr'>esse</span> 
     </span>
     <span class='ocr_line' id='line_1_9' title="bbox 157 1572 1012 1675; baseline 0.001 -29"><span class='ocrx_word' id='word_1_52' title='bbox 157 1574 346 1671; x_wconf 87' lang='lat' dir='ltr'>cognorim.</span> <span class='ocrx_word' id='word_1_53' title='bbox 363 1573 544 1675; x_wconf 88' lang='lat' dir='ltr'>Quocirca</span> <span class='ocrx_word' id='word_1_54' title='bbox 553 1573 580 1647; x_wconf 92' lang='lat' dir='ltr'>si</span> <span class='ocrx_word' id='word_1_55' title='bbox 595 1572 679 1673; x_wconf 90' lang='lat' dir='ltr'>quid</span> <span class='ocrx_word' id='word_1_56' title='bbox 694 1574 782 1647; x_wconf 82' lang='lat' dir='ltr'>forte</span> <span class='ocrx_word' id='word_1_57' title='bbox 797 1576 900 1671; x_wconf 89' lang='lat' dir='ltr'>paulo</span> <span class='ocrx_word' id='word_1_58' title='bbox 913 1598 1012 1648; x_wconf 88' lang='lat' dir='ltr'>seve·</span> 
     </span>
     <span class='ocr_line' id='line_1_10' title="bbox 156 1689 1010 1787; baseline 0.001 -27"><span class='ocrx_word' id='word_1_59' title='bbox 156 1689 224 1763; x_wconf 90' lang='lat' dir='ltr'>rius</span> <span class='ocrx_word' id='word_1_60' title='bbox 251 1689 283 1761; x_wconf 95' lang='lat' dir='ltr'>in</span> <span class='ocrx_word' id='word_1_61' title='bbox 302 1689 353 1763; x_wconf 91' lang='lat' dir='ltr'>his</span> <span class='ocrx_word' id='word_1_62' title='bbox 370 1689 490 1763; x_wconf 89' lang='lat' dir='ltr'>litteris</span> <span class='ocrx_word' id='word_1_63' title='bbox 516 1689 711 1787; x_wconf 85' lang='lat' dir='ltr'>perscripsi,</span> <span class='ocrx_word' id='word_1_64' title='bbox 739 1689 908 1786; x_wconf 82' lang='lat' dir='ltr'>ignoscas,</span> <span class='ocrx_word' id='word_1_65' title='bbox 934 1714 1010 1779; x_wconf 90' lang='lat' dir='ltr'>oro,</span> 
     </span>
     <span class='ocr_line' id='line_1_11' title="bbox 156 1802 1057 1904; baseline 0 -27"><span class='ocrx_word' id='word_1_66' title='bbox 156 1803 268 1879; x_wconf 93' lang='lat' dir='ltr'>dolori</span> <span class='ocrx_word' id='word_1_67' title='bbox 288 1829 385 1893; x_wconf 89' lang='lat' dir='ltr'>meo;</span> <span class='ocrx_word' id='word_1_68' title='bbox 404 1829 478 1879; x_wconf 89' lang='lat' dir='ltr'>sum</span> <span class='ocrx_word' id='word_1_69' title='bbox 492 1804 583 1877; x_wconf 89' lang='lat' dir='ltr'>enim</span> <span class='ocrx_word' id='word_1_70' title='bbox 598 1802 690 1878; x_wconf 89' lang='lat' dir='ltr'>haud</span> <span class='ocrx_word' id='word_1_71' title='bbox 705 1803 865 1904; x_wconf 88' lang='lat' dir='ltr'>quietiori</span> <span class='ocrx_word' id='word_1_72' title='bbox 884 1803 1008 1878; x_wconf 90' lang='lat' dir='ltr'>animo.</span> <span class='ocrx_word' id='word_1_73' title='bbox 1027 1830 1057 1867; x_wconf 87' lang='lat'>10</span> 
     </span>
     <span class='ocr_line' id='line_1_12' title="bbox 156 1918 1011 2018; baseline 0.001 -26"><span class='ocrx_word' id='word_1_74' title='bbox 156 1922 290 2004; x_wconf 87' lang='lat' dir='ltr'>Taceo,</span> <span class='ocrx_word' id='word_1_75' title='bbox 313 1918 408 2018; x_wconf 93' lang='lat' dir='ltr'>quod</span> <span class='ocrx_word' id='word_1_76' title='bbox 426 1943 577 2017; x_wconf 90' lang='lat' dir='ltr'>corpore</span> <span class='ocrx_word' id='word_1_77' title='bbox 594 1919 696 1992; x_wconf 89' lang='lat' dir='ltr'>etiarn</span> <span class='ocrx_word' id='word_1_78' title='bbox 716 1919 781 1993; x_wconf 89' lang='lat' dir='ltr'>iam</span> <span class='ocrx_word' id='word_1_79' title='bbox 800 1945 863 2018; x_wconf 87' lang='lat' dir='ltr'>per</span> <span class='ocrx_word' id='word_1_80' title='bbox 879 1919 1011 2018; x_wconf 90' lang='lat' dir='ltr'>aliquot</span> 
     </span>
     <span class='ocr_line' id='line_1_13' title="bbox 155 2034 1011 2132; baseline 0.001 -25"><span class='ocrx_word' id='word_1_81' title='bbox 155 2034 230 2110; x_wconf 88' lang='lat' dir='ltr'>dies</span> <span class='ocrx_word' id='word_1_82' title='bbox 253 2037 340 2109; x_wconf 90' lang='lat' dir='ltr'>male</span> <span class='ocrx_word' id='word_1_83' title='bbox 366 2036 478 2125; x_wconf 89' lang='lat' dir='ltr'>valeo,</span> <span class='ocrx_word' id='word_1_84' title='bbox 505 2060 581 2109; x_wconf 87' lang='lat' dir='ltr'>narn</span> <span class='ocrx_word' id='word_1_85' title='bbox 616 2059 725 2132; x_wconf 87' lang='lat' dir='ltr'>angor</span> <span class='ocrx_word' id='word_1_86' title='bbox 749 2035 919 2109; x_wconf 89' lang='lat' dir='ltr'>nonnullis</span> <span class='ocrx_word' id='word_1_87' title='bbox 945 2034 1011 2108; x_wconf 91' lang='lat' dir='ltr'>tuis</span> 
     </span>
     <span class='ocr_line' id='line_1_14' title="bbox 155 2148 1008 2249; baseline 0.001 -28"><span class='ocrx_word' id='word_1_88' title='bbox 155 2150 284 2240; x_wconf 89' lang='lat' dir='ltr'>litteris,</span> <span class='ocrx_word' id='word_1_89' title='bbox 303 2175 389 2249; x_wconf 85' lang='lat' dir='ltr'>quas</span> <span class='ocrx_word' id='word_1_90' title='bbox 415 2150 544 2224; x_wconf 87' lang='lat' dir='ltr'>acerbe</span> <span class='ocrx_word' id='word_1_91' title='bbox 573 2148 737 2223; x_wconf 89' lang='lat' dir='ltr'>adversus</span> <span class='ocrx_word' id='word_1_92' title='bbox 754 2174 810 2223; x_wconf 88' lang='lat' dir='ltr'>me</span> <span class='ocrx_word' id='word_1_93' title='bbox 832 2149 1008 2249; x_wconf 89' lang='lat' dir='ltr'>scripsisti,</span> 
     </span>
     <span class='ocr_line' id='line_1_15' title="bbox 154 2262 1010 2363; baseline 0.002 -27"><span class='ocrx_word' id='word_1_94' title='bbox 154 2289 196 2337; x_wconf 93' lang='lat' dir='ltr'>ac</span> <span class='ocrx_word' id='word_1_95' title='bbox 206 2265 233 2339; x_wconf 92' lang='lat' dir='ltr'>si</span> <span class='ocrx_word' id='word_1_96' title='bbox 244 2265 277 2337; x_wconf 93' lang='lat' dir='ltr'>in</span> <span class='ocrx_word' id='word_1_97' title='bbox 287 2283 321 2338; x_wconf 96' lang='lat' dir='ltr'>te</span> <span class='ocrx_word' id='word_1_98' title='bbox 330 2262 857 2363; x_wconf 84' lang='lat' dir='ltr'>gravissimedeliquissem,cum</span> <span class='ocrx_word' id='word_1_99' title='bbox 867 2288 1010 2362; x_wconf 88' lang='lat' dir='ltr'>expres-</span> 
     </span>
     <span class='ocr_line' id='line_1_16' title="bbox 154 2379 1050 2477; baseline 0.002 -25"><span class='ocrx_word' id='word_1_100' title='bbox 154 2380 222 2454; x_wconf 89' lang='lat' dir='ltr'>sius</span> <span class='ocrx_word' id='word_1_101' title='bbox 242 2381 349 2455; x_wconf 86' lang='lat' dir='ltr'>sciam</span> <span class='ocrx_word' id='word_1_102' title='bbox 371 2397 460 2455; x_wconf 89' lang='lat' dir='ltr'>teste</span> <span class='ocrx_word' id='word_1_103' title='bbox 482 2379 696 2454; x_wconf 88' lang='lat' dir='ltr'>conscientia</span> <span class='ocrx_word' id='word_1_104' title='bbox 709 2404 787 2452; x_wconf 87' lang='lat' dir='ltr'>mea</span> <span class='ocrx_word' id='word_1_105' title='bbox 800 2404 938 2477; x_wconf 89' lang='lat' dir='ltr'>prorsus</span> <span class='ocrx_word' id='word_1_106' title='bbox 951 2404 1007 2453; x_wconf 88' lang='lat' dir='ltr'>me</span> <span class='ocrx_word' id='word_1_107' title='bbox 1024 2402 1050 2454; x_wconf 70' lang='grc' dir='ltr'>ις</span> 
     </span>
     <span class='ocr_line' id='line_1_17' title="bbox 153 2494 1008 2593; baseline 0 -27"><span class='ocrx_word' id='word_1_108' title='bbox 153 2494 245 2567; x_wconf 88' lang='lat' dir='ltr'>omni</span> <span class='ocrx_word' id='word_1_109' title='bbox 256 2496 359 2593; x_wconf 89' lang='lat' dir='ltr'>culpa</span> <span class='ocrx_word' id='word_1_110' title='bbox 375 2520 508 2569; x_wconf 87' lang='lat' dir='ltr'>vacare.</span> <span class='ocrx_word' id='word_1_111' title='bbox 520 2496 710 2583; x_wconf 87' lang='lat' dir='ltr'>Caeterum,</span> <span class='ocrx_word' id='word_1_112' title='bbox 729 2494 891 2591; x_wconf 87' lang='lat' dir='ltr'>quoniam</span> <span class='ocrx_word' id='word_1_113' title='bbox 902 2494 1008 2567; x_wconf 91' lang='lat' dir='ltr'>licent</span> 
     </span>
     <span class='ocr_line' id='line_1_18' title="bbox 153 2609 1006 2708; baseline 0.002 -27"><span class='ocrx_word' id='word_1_114' title='bbox 153 2609 212 2683; x_wconf 93' lang='lat' dir='ltr'>tibi</span> <span class='ocrx_word' id='word_1_115' title='bbox 238 2611 354 2685; x_wconf 89' lang='lat' dir='ltr'>omnia</span> <span class='ocrx_word' id='word_1_116' title='bbox 379 2612 524 2686; x_wconf 90' lang='lat' dir='ltr'>licenter</span> <span class='ocrx_word' id='word_1_117' title='bbox 548 2626 586 2685; x_wconf 92' lang='lat' dir='ltr'>et</span> <span class='ocrx_word' id='word_1_118' title='bbox 611 2611 760 2708; x_wconf 91' lang='lat' dir='ltr'>impune,</span> <span class='ocrx_word' id='word_1_119' title='bbox 787 2635 851 2708; x_wconf 89' lang='lat' dir='ltr'>pro</span> <span class='ocrx_word' id='word_1_120' title='bbox 888 2625 1006 2683; x_wconf 89' lang='lat' dir='ltr'>nostro</span> 
     </span>
     <span class='ocr_line' id='line_1_19' title="bbox 151 2725 1005 2826; baseline 0.004 -30"><span class='ocrx_word' id='word_1_121' title='bbox 151 2727 258 2800; x_wconf 88' lang='lat' dir='ltr'>veteri</span> <span class='ocrx_word' id='word_1_122' title='bbox 277 2727 525 2826; x_wconf 89' lang='lat' dir='ltr'>verissimoque</span> <span class='ocrx_word' id='word_1_123' title='bbox 542 2752 661 2800; x_wconf 87' lang='lat' dir='ltr'>amore</span> <span class='ocrx_word' id='word_1_124' title='bbox 678 2725 770 2825; x_wconf 89' lang='lat' dir='ltr'>apud</span> <span class='ocrx_word' id='word_1_125' title='bbox 789 2750 856 2814; x_wconf 87' lang='lat' dir='ltr'>me,</span> <span class='ocrx_word' id='word_1_126' title='bbox 875 2740 1005 2823; x_wconf 87' lang='lat' dir='ltr'>quanto</span> 
     </span>
     <span class='ocr_line' id='line_1_20' title="bbox 152 2839 1005 2941; baseline -0.004 -26"><span class='ocrx_word' id='word_1_127' title='bbox 152 2842 346 2917; x_wconf 82' lang='lat' dir='ltr'>familiarius</span> <span class='ocrx_word' id='word_1_128' title='bbox 380 2841 680 2941; x_wconf 91' lang='lat' dir='ltr'>confidentiusque</span> <span class='ocrx_word' id='word_1_129' title='bbox 714 2840 757 2916; x_wconf 90' lang='lat' dir='ltr'>ad</span> <span class='ocrx_word' id='word_1_130' title='bbox 788 2865 844 2914; x_wconf 88' lang='lat' dir='ltr'>me</span> <span class='ocrx_word' id='word_1_131' title='bbox 873 2839 1005 2913; x_wconf 91' lang='lat' dir='ltr'>scribes</span> 
     </span>
     <span class='ocr_line' id='line_1_21' title="bbox 151 2957 1049 3058; baseline -0.003 -27"><span class='ocrx_word' id='word_1_132' title='bbox 151 2976 247 3034; x_wconf 94' lang='lat' dir='ltr'>tanto</span> <span class='ocrx_word' id='word_1_133' title='bbox 264 2959 437 3034; x_wconf 89' lang='lat' dir='ltr'>ardentius</span> <span class='ocrx_word' id='word_1_134' title='bbox 459 2959 719 3058; x_wconf 89' lang='lat' dir='ltr'>promptiusque</span> <span class='ocrx_word' id='word_1_135' title='bbox 738 2957 770 3030; x_wconf 94' lang='lat' dir='ltr'>in</span> <span class='ocrx_word' id='word_1_136' title='bbox 797 2957 940 3046; x_wconf 90' lang='lat' dir='ltr'>cunctis,</span> <span class='ocrx_word' id='word_1_137' title='bbox 968 2973 1004 3029; x_wconf 92' lang='lat' dir='ltr'>ut</span> <span class='ocrx_word' id='word_1_138' title='bbox 1018 2981 1049 3018; x_wconf 82' lang='lat'>20</span> 
     </span>
     <span class='ocr_line' id='line_1_22' title="bbox 150 3072 1004 3171; baseline -0.005 -24"><span class='ocrx_word' id='word_1_139' title='bbox 150 3075 325 3166; x_wconf 87' lang='lat' dir='ltr'>consuevi,</span> <span class='ocrx_word' id='word_1_140' title='bbox 336 3075 396 3148; x_wconf 89' lang='lat' dir='ltr'>tibi</span> <span class='ocrx_word' id='word_1_141' title='bbox 410 3074 466 3148; x_wconf 94' lang='lat' dir='ltr'>uni</span> <span class='ocrx_word' id='word_1_142' title='bbox 479 3099 541 3148; x_wconf 93' lang='lat' dir='ltr'>ero</span> <span class='ocrx_word' id='word_1_143' title='bbox 551 3073 730 3171; x_wconf 87' lang='lat' dir='ltr'>morigera.</span> <span class='ocrx_word' id='word_1_144' title='bbox 744 3074 840 3145; x_wconf 87' lang='lat' dir='ltr'>Vale.</span> <span class='ocrx_word' id='word_1_145' title='bbox 857 3073 907 3144; x_wconf 84' lang='lat' dir='ltr'>Ex</span> <span class='ocrx_word' id='word_1_146' title='bbox 916 3072 1004 3145; x_wconf 80' lang='lat' dir='ltr'>Sub</span> 
     </span>
     <span class='ocr_line' id='line_1_23' title="bbox 150 3187 754 3289; baseline -0.005 -26"><span class='ocrx_word' id='word_1_147' title='bbox 150 3191 291 3280; x_wconf 88' lang='lat' dir='ltr'>urbano,</span> <span class='ocrx_word' id='word_1_148' title='bbox 310 3188 421 3289; x_wconf 90' lang='lat' dir='ltr'>pridie</span> <span class='ocrx_word' id='word_1_149' title='bbox 439 3188 518 3263; x_wconf 94' lang='lat' dir='ltr'>ldus</span> <span class='ocrx_word' id='word_1_150' title='bbox 537 3187 754 3263; x_wconf 88' lang='lat' dir='ltr'>Novembris.</span> 
     </span>
    </p>
   </div>
   <div class='ocr_carea' id='block_1_3' title="bbox 193 3427 483 3492">
    <p class='ocr_par' dir='ltr' id='par_1_3' title="bbox 193 3427 483 3492">
     <span class='ocr_line' id='line_1_24' title="bbox 193 3427 483 3492; baseline -0.024 -12"><span class='ocrx_word' id='word_1_151' title='bbox 193 3428 227 3492; x_wconf 85' lang='lat'>(7)</span> <span class='ocrx_word' id='word_1_152' title='bbox 245 3427 440 3478; x_wconf 78' lang='lat' dir='ltr'>obstentationis</span> <span class='ocrx_word' id='word_1_153' title='bbox 458 3427 483 3475; x_wconf 84' lang='lat' dir='ltr'>S.</span> 
     </span>
    </p>
   </div>
   <div class='ocr_carea' id='block_1_4' title="bbox 0 0 1414 4680">
    <p class='ocr_par' dir='ltr' id='par_1_4' title="bbox 0 0 1414 4680">
     <span class='ocr_line' id='line_1_25' title="bbox 0 0 1414 4680; baseline 0 5"><span class='ocrx_word' id='word_1_154' title='bbox 0 0 1414 4680; x_wconf 95' lang='lat' dir='ltr'> </span> 
     </span>
    </p>
   </div>
  </div>
 </body>
</html>
