2820 4680
825 600 882 680 3⁶4

427 769 505 829 Nam
521 786 577 829 nec
593 770 682 830 lsotts
697 770 770 831 meis
784 770 925 851 parcebat
938 769 1025 831 docte
1039 769 1133 851 poetis

467 867 648 928 Rhetoribus
663 878 795 929 necerat
809 867 885 928 iacta
899 867 1006 929 diserta
1017 868 1120 928 minus.

427 965 552 1026 Naturae
571 975 602 1025 et
616 984 729 1026 morum
745 965 824 1045 leges
838 983 1006 1045 arcanaque
1022 965 1098 1026 novit

464 1061 584 1142 Singula
597 1061 731 1144 quidque
746 1062 820 1125 deus
835 1063 949 1124 iusserit
962 1074 1053 1144 atque
1067 1061 1142 1123 velit.

383 1177 407 1230 is
427 1159 506 1221 Haec
519 1159 566 1221 alii
581 1170 706 1242 potuere
720 1161 771 1221 viri
785 1161 832 1222 vix
846 1160 959 1242 singula
973 1160 1080 1234 cuncti,

464 1257 524 1320 Sed
538 1259 664 1338 quimue
678 1258 782 1320 officiis
795 1257 912 1319 deditus
927 1257 1043 1339 ingenii.

424 1355 462 1415 m
476 1355 580 1416 mulier
594 1375 745 1436 nunquam
760 1357 854 1438 potuit
869 1356 922 1417 nisi
939 1357 1028 1417 lsotta
1041 1373 1049 1430 ;
1064 1372 1165 1416 sorore

464 1455 537 1535 Qua
551 1464 635 1535 potes
649 1464 762 1516 aeterna
775 1454 871 1515 vivere
885 1453 992 1515 laetitia.

427 1552 558 1632 Namque
572 1551 650 1613 velut
663 1562 755 1613 temes
769 1552 864 1614 fueret
877 1550 928 1613 tibi
943 1563 1037 1613 mater
1050 1552 1079 1613 in
1102 1569 1215 1627 omnes,

381 1669 413 1716 4⁰
464 1649 513 1711 Sic
526 1649 578 1710 tibi
592 1649 730 1732 syderees
744 1649 907 1712 sollicitabit
920 1668 1002 1730 opes.

426 1748 522 1810 Cuius
544 1766 601 1828 ego
625 1758 656 1809 ut
676 1748 761 1809 vitam
777 1765 934 1834 moresque
949 1747 1006 1808 hoc
1020 1747 1148 1808 carmine
1162 1758 1285 1810 sanctos

467 1846 630 1927 Descripsi,
649 1864 681 1906 es
694 1846 795 1908 titulus
808 1846 944 1907 carminis
958 1846 1021 1927 ipse
1035 1845 1102 1906 mei.

428 1945 548 2006 Nomen
566 1946 715 2005 {sottaeum
730 1954 761 2005 tu
775 1962 846 2005 vero
860 1944 978 2005 iunctus
992 1962 1093 2004 amore

469 2046 539 2103 Non
555 2043 664 2125 potetis
679 2042 813 2123 relegens
828 2062 887 2103 non
899 2043 1066 2104 meminisse
1082 2042 1170 2103 Mati.

381 2158 410 2209 ⁴5
425 2142 472 2201 Te
486 2159 586 2203 verum
601 2142 719 2202 Verona
733 2140 802 2202 mihi
816 2140 954 2223 patefecit
967 2140 1101 2213 amicum,

467 2239 563 2301 Cuius
577 2239 606 2298 in
621 2238 724 2299 officiis
738 2256 806 2320 spes
821 2239 891 2299 mihi
905 2238 998 2320 prima
1012 2238 1078 2312 iuit3

429 2337 544 2398 Primus
558 2335 635 2395 enim
650 2335 756 2410 fueras,
775 2346 940 2417 postremus
953 2346 985 2395 et
998 2335 1061 2418 ipse
1075 2334 1161 2408 suisti,

469 2432 631 2494 Munificus
645 2451 762 2514 semper
777 2432 1008 2514 magnificusque
1022 2434 1099 2494 mihi.

426 2533 523 2612 Atque
538 2550 595 2611 ego
610 2550 664 2612 pro
678 2542 760 2592 tanto
773 2531 825 2593 tibi
840 2531 934 2593 reddo
951 2531 1009 2591 hoc
1023 2548 1146 2592 munere
1160 2549 1280 2606 munus,

385 2647 414 2700 50
470 2630 514 2691 Ut
528 2631 598 2710 quia
612 2639 643 2690 tu
659 2646 742 2691 meus
756 2646 797 2704 es,
817 2629 853 2690 sit
870 2628 944 2689 liber
958 2629 1012 2689 iste
1025 2639 1103 2690 tuus.

475 2829 524 2894 (μ)
542 2831 653 2895 ascripsi
674 2832 702 2882 v.
