2820 4680
556 605 613 683 287

158 793 296 849 centum
331 776 398 849 sint
431 798 563 872 oraque
598 793 749 867 centum,
785 777 896 850 ferrea
929 803 1009 867 vox,

158 915 279 964 omnes
321 890 460 964 virtutes
494 915 571 964 suas
604 891 898 990 sanctissimaque
931 892 1010 967 vitae

157 1031 230 1080 suae
247 1006 367 1080 laudes
384 1030 586 1103 percurrere
604 1031 752 1104 possem.
773 1006 871 1107 Quid
888 1008 1011 1105 loquar

159 1120 204 1195 de
229 1121 280 1195 sui
306 1120 411 1219 ipsius
436 1122 659 1212 continentia,
687 1123 791 1195 immo
807 1121 1010 1221 virginitate,

159 1262 262 1335 quam
277 1252 373 1311 tanto
390 1239 522 1328 labore,
541 1255 634 1311 tanta
651 1236 860 1325 austeritate,
879 1238 1012 1311 humili·
1042 1266 1053 1319 ς

159 1368 230 1426 tate
260 1350 419 1425 mundam
446 1351 767 1449 immaculatamque
792 1351 949 1443 servavit,
976 1370 1012 1426 ut

159 1492 240 1541 vere
259 1467 314 1541 ilie
333 1467 433 1541 fuerit
449 1467 601 1541 Israelita
618 1467 650 1541 in
668 1493 740 1564 quo
754 1467 854 1540 dolus
868 1493 936 1541 non
951 1468 1013 1542 suit

160 1583 327 1674 inventus,
362 1599 398 1656 et
431 1608 509 1656 eum
545 1582 661 1657 loanni
693 1583 860 1680 Baptistae
889 1582 1012 1656 merito

160 1722 363 1796 comparare
383 1715 578 1796 potuerunt,
597 1699 759 1796 quoniam
777 1715 814 1772 et
831 1697 905 1795 ipse
921 1722 1012 1771 sem-

162 1839 223 1911 per
252 1814 348 1911 virgo
374 1814 561 1912 permansit
585 1831 621 1887 et
647 1839 768 1890 omnes
794 1812 1012 1887 difficultates
1028 1841 1058 1880 ro

160 1931 342 2027 superavit.
363 1932 515 2004 Omnem
534 1930 643 2003 victus
657 1929 888 2004 austeritatem
903 1954 1013 2026 usque

161 2045 205 2119 ad
222 2062 412 2120 extremum
430 2071 503 2120 suae
520 2045 599 2121 vitae
617 2062 752 2143 tempus
769 2043 943 2143 patientia,
954 2068 1013 2118 ca-

161 2162 259 2235 ritate
276 2162 367 2236 vicit.
389 2164 431 2235 Et
447 2162 498 2236 sic
511 2161 749 2259 octuagesimo
762 2178 890 2235 octavo
901 2159 1013 2235 aetatis

160 2303 232 2351 suae
257 2303 348 2351 anno
374 2278 442 2351 suis
467 2278 561 2352 circa
585 2276 773 2351 astantibus
807 2277 893 2368 filiis,
922 2298 1012 2375 quos

160 2417 224 2466 suo
249 2392 413 2482 subsidio,
435 2392 593 2483 consilio,
611 2395 774 2490 exemplo
791 2416 812 2466 a
829 2391 916 2466 vitiis
933 2417 1054 2490 pur-15

159 2523 260 2605 gatos
277 2508 321 2582 ad
339 2508 478 2582 virtutes
491 2509 698 2599 traduxerat,
713 2509 745 2582 in
758 2525 939 2583 senectute
951 2532 1014 2582 sua

160 2640 280 2698 sancta
302 2625 456 2722 migravit
476 2625 521 2699 ad
542 2623 729 2699 dominum.
749 2624 859 2697 Cuius
883 2624 1012 2698 exitum

161 2739 262 2813 tantis
286 2741 445 2838 gloriosis
463 2741 632 2815 miraculis
650 2739 888 2826 honorificavit
903 2739 1013 2813 omni-

161 2872 286 2953 potens
302 2854 407 2930 deus:
436 2856 586 2930 infirmos
603 2856 768 2947 sanando,
787 2871 940 2929 mortuos
957 2879 1013 2928 su-

160 2971 331 3062 scitando,
349 2997 537 3070 oppressos
554 2997 576 3047 a
597 2971 739 3046 diabolo
752 2970 944 3061 liberando,
962 2970 1012 3045 af·
1027 2998 1058 3035 ιο

161 3088 274 3162 flictos
291 3087 519 3180 consolando,
534 3104 571 3162 ut
587 3088 620 3162 in
638 3087 712 3162 talis
729 3104 869 3185 tamque
886 3085 1012 3161 laudati

208 3256 242 3318 (ς)
260 3270 377 3305 sureom.
397 3257 430 3306 G.
465 3257 537 3318 quod
556 3257 588 3306 G.
624 3256 658 3320 (4)
676 3255 725 3316 sui]
741 3254 790 3303 sibi
808 3254 841 3303 G.
875 3267 959 3316 ymmo
979 3253 1010 3302 Β.

162 3338 196 3399 (8)
211 3338 326 3386 somnne
336 3337 369 3396 G,
386 3337 494 3386 «iohanni
504 3337 533 3400 (ἓ)
543 3339 581 3387 Μ.
617 3335 731 3398 Baptista
741 3335 774 3384 G.
808 3333 1010 3397 (9)potueritG.

161 3425 274 3478 quumet
290 3417 322 3467 B.
357 3417 407 3480 (rr)
420 3425 574 3480 pat.acc⁸r.
586 3417 619 3466 G.
654 3416 705 3479 (14)
721 3414 816 3463 circum
835 3414 868 3463 G.
902 3411 1013 3475 (κόμη

161 3497 268 3547 duceret
290 3499 327 3548 Μ.
361 3511 408 3546 sua
430 3510 477 3546 om.
499 3498 533 3546 G.
575 3498 624 3559 (19.
653 3494 692 3558 ιο)
715 3507 808 3557 opper.
834 3507 849 3542 a
872 3493 941 3542 dieb.
968 3492 1010 3541 lib.

161 3587 277 3628 mortuos
285 3592 353 3629 susc.
363 3580 397 3629 G.
431 3577 482 3643 (ro)
494 3590 619 3640 opressus
626 3576 659 3626 B.
692 3574 805 3640 dyabolo
814 3575 846 3623 Β.
865 3573 1011 3638 (21JtatiB.
