2820 4680
666 913 787 984 LXIV.

424 1154 534 1216 (Brixiae,
553 1152 597 1202 die
612 1154 672 1202 XX.
690 1156 784 1204 mensis
801 1156 925 1207 Octobris
944 1161 1023 1222 1433.)

514 1383 590 1435 Dolet
602 1398 684 1436 casum
699 1387 779 1436 lacolt'
794 1388 932 1451 lavagnola.

320 1625 505 1701 ladovicus
526 1630 728 1702 Fuscarenus
752 1631 862 1702 Ysoloe
882 1631 1061 1727 Nogorolae
1088 1634 1120 1706 S.

271 1961 280 2010 5
473 1936 671 1986 oarrssmm
695 1913 781 2004 eris,
814 1915 842 1986 si
877 1915 910 1987 in
936 1916 1005 1989 hoc
1031 1919 1146 1991 lacobi

498 2028 681 2124 Lavagnoli
707 2028 945 2127 sapientissimi
971 2049 1006 2104 et
1027 2034 1146 2160 optimi

497 2167 590 2233 casu,
625 2142 671 2217 de
705 2169 775 2240 quo
809 2142 853 2218 ad
884 2170 939 2219 me
972 2147 1146 2245 scripsisti,

298 2258 537 2334 moderatione
555 2258 668 2347 uteris,
691 2258 771 2356 quia
788 2283 866 2333 cum
885 2278 920 2334 te
937 2263 1147 2360 proprietate

298 2398 376 2449 mea
400 2372 570 2448 consolari
596 2398 759 2471 cuperem
782 2377 835 2448 vel
852 2378 971 2452 saltem
990 2377 1146 2452 dolorem

255 2534 285 2570 ιο
298 2515 412 2566 meum
429 2488 617 2579 declarare,
635 2491 740 2564 verba
757 2490 837 2564 milri
855 2490 980 2567 deesse
999 2496 1146 2592 cognovi

296 2622 333 2680 et
361 2605 406 2680 ad
435 2622 471 2679 te
499 2604 742 2680 sublevandam
771 2622 808 2681 et
836 2605 881 2681 ad
912 2608 1146 2684 incredibilem

296 2721 398 2796 animi
417 2721 483 2794 mei
510 2720 699 2796 molestiam
717 2723 986 2820 exprimendam,
1005 2724 1086 2798 licet
1103 2728 1147 2799 ab

296 2837 485 2911 acerbitate
499 2838 610 2910 luctus
622 2837 756 2934 longius
771 2838 891 2912 absim.
911 2842 1042 2913 Tantus
1055 2841 1145 2913 enim

298 2975 361 3025 nos
378 2950 479 3027 dolor
505 2968 613 3050 urget,
640 2952 736 3050 quod
753 2978 867 3051 neque
895 2955 1014 3028 Latina
1031 2980 1146 3053 neque

255 3109 281 3160 ¹5
299 3067 430 3140 Graeca
447 3065 610 3141 idiomata
626 3067 809 3142 sufficiunt.
829 3068 968 3142 Amicus
985 3070 1145 3166 optimus,

299 3199 466 3279 conpater
503 3180 743 3258 dilectissimus
772 3183 851 3256 mihi
890 3184 1040 3259 sublatus
1077 3204 1145 3276 est,

298 3319 401 3392 quem
427 3320 497 3395 ego
521 3296 586 3371 iarn
612 3321 745 3372 summo
761 3323 841 3372 cum
867 3300 999 3372 honore
1020 3299 1147 3375 reditu·

345 3555 391 3605 Nr.
410 3557 463 3616 298.
497 3557 531 3622 (3)
549 3559 677 3622 mugnoli
694 3558 724 3609 C
759 3558 794 3623 (8)
808 3560 954 3622 propietate
971 3560 1001 3611 C.
