2820 4680
870 557 909 616 44
949 560 951 564 .

473 708 578 782 nitate
596 735 665 783 non
683 710 877 799 delectaris,
897 735 959 808 per
973 710 1217 786 nobilissimam
1232 727 1324 786 tuam

474 826 592 898 urbem
618 826 731 924 vagari
752 826 882 915 nescis;
902 827 1011 900 nullus
1028 826 1209 901 litterarius
1226 829 1325 902 labor

472 956 508 1013 te
537 939 581 1013 ad
611 941 775 1037 quietem,
807 944 908 1016 nullae
938 941 1061 1040 vigilite
1094 940 1138 1016 ad
1166 966 1324 1017 somnum

473 1072 656 1145 revocant;
686 1055 796 1147 ludos,
827 1060 974 1154 plausus,
1009 1081 1097 1154 quos
1131 1057 1325 1134 avidissime

365 1243 370 1249 .
448 1175 589 1259 smultae
632 1190 896 1271 prosequuntur,
939 1191 974 1247 tu
1018 1198 1084 1248 nec
1118 1173 1325 1272 cogitandos

473 1289 616 1378 curasti;
643 1314 688 1363 ex
705 1292 806 1379 cae10‚
825 1289 869 1364 ad
888 1289 995 1386 quod,
1012 1290 1039 1363 si
1058 1306 1155 1364 recte
1173 1288 1326 1365 iudicare

473 1406 640 1494 volumus,
655 1405 850 1479 facillimum
864 1405 993 1480 aditum
1007 1405 1163 1480 habitura
1178 1430 1229 1496 es,
1244 1430 1325 1503 pro-

473 1522 569 1596 lecto
595 1521 737 1618 delapsa
755 1520 854 1594 luisti.
888 1521 930 1593 Et
947 1520 1109 1617 quoniam
1130 1520 1325 1594 intellexisti

473 1639 662 1713 rectissime
672 1637 867 1710 existimans
876 1636 1065 1710 bonitatem
1077 1634 1236 1711 doctrina
1245 1660 1326 1733 pro-

432 1787 462 1823 ιο
474 1754 552 1829 cedi
568 1770 603 1828 et
620 1752 744 1842 ornari,
764 1768 927 1850 quantum
946 1751 1111 1849 temporis
1129 1767 1197 1824 tuae
1214 1751 1327 1825 aetatis

473 1869 619 1967 virgines
633 1868 677 1942 ad
691 1866 972 1965 componendum
987 1866 1123 1956 faciem,
1142 1881 1271 1940 tantum
1290 1881 1326 1940 tu

473 1983 518 2058 ad
536 1983 766 2057 excolendum
786 1984 952 2055 bonarum
966 1981 1086 2054 artium
1105 1980 1224 2054 studiis
1241 1979 1327 2054 divi·

476 2099 647 2172 nissimum
665 2099 812 2172 animum
832 2113 925 2170 tuum
944 2096 1097 2169 tribuisti.
1123 2098 1164 2169 Et
1181 2095 1324 2192 optime.

408 2240 410 2243 ’
477 2217 620 2312 Moyses
648 2237 716 2286 non
741 2230 843 2287 antea
868 2211 912 2285 ad
939 2227 1074 2286 sanctas
1097 2210 1327 2308 cogitationes

434 2362 460 2412 ις
476 2328 624 2401 accessit
645 2352 749 2425 quam
762 2326 951 2426 disciplinis
966 2344 1115 2400 mentem
1130 2325 1324 2400 erudiverit.

478 2443 605 2518 Daniel
640 2442 731 2541 prius
765 2441 857 2540 apud
893 2442 1079 2516 Babilones
1113 2440 1327 2516 Caldeorum

476 2560 634 2635 doctrina
659 2559 807 2633 edoctus
825 2584 927 2657 quam
946 2557 990 2632 ad
1008 2557 1121 2632 divina
1139 2574 1326 2656 transgres-

476 2701 533 2751 sus
564 2676 636 2750 fuir.
681 2675 865 2750 Consuluit
896 2674 1124 2749 famosissimo
1157 2697 1328 2772 responso

476 2794 603 2890 Apollo
629 2790 770 2865 Genoni
800 2791 930 2888 petenti
958 2815 1029 2887 quo
1059 2806 1165 2887 pacto
1194 2787 1327 2886 optime

435 2942 465 2977 ιο
476 2908 592 2981 vivere
606 2923 734 3005 posset,
750 2922 902 2979 mortuos
920 2905 1098 2979 colendos.
1123 2903 1189 2979 llis
1205 2903 1328 2979 admo-

478 3022 663 3096 nitionibus
693 3022 725 3095 in
756 3021 875 3094 litteris
904 3045 1043 3119 semper
1076 3019 1328 3117 sapientissime

478 3137 633 3227 versaris,
643 3137 676 3210 in
687 3136 760 3226 illis,
772 3136 908 3233 inquam
923 3193 1027 3209 .....
1044 3161 1124 3234 quoe
1138 3152 1172 3209 te
1186 3134 1328 3211 doctam

526 3357 560 3420 (4)
588 3356 675 3405 Ludes
699 3356 729 3405 C.
771 3356 805 3420 (ς)
830 3362 1002 3419 prosecentur
1026 3354 1056 3404 G
1090 3353 1124 3417 (6)
1147 3354 1181 3404 ad
1199 3368 1280 3417 quem
1296 3357 1327 3408 C.

479 3435 529 3500 (ιι)
540 3433 761 3499 componendam?
793 3435 841 3497 (ιθ.
857 3435 895 3499 ι9)
906 3446 1032 3497 respenso
1043 3434 1137 3496 Apella
1147 3433 1177 3483 α
1211 3433 1264 3498 (19)
1274 3447 1329 3498 que

479 3524 556 3579 pecto
572 3515 603 3565 C.
