2820 4680
670 595 701 662 51

259 748 460 844 cognitione
481 749 615 846 dignius
634 749 796 824 iudicavit
811 767 848 824 et
866 751 898 823 in
925 767 982 823 tua
1008 768 1108 848 pote·

257 878 347 937 state
373 880 536 953 naturam,
562 865 719 940 virtutem
736 866 981 962 etbdoetrinam
1004 866 1108 940 fuisse

259 979 402 1053 censuit.
431 979 567 1054 Idcirco
596 980 628 1054 in
659 981 802 1055 domino
830 980 997 1079 glorieris,
1028 1005 1107 1054 cum

259 1111 388 1168 tantum
413 1119 543 1192 genere
567 1099 731 1187 excellas
755 1095 933 1170 maiestate
951 1114 1106 1194 prestes,

257 1209 377 1283 litteris
403 1213 599 1309 praevaleas,
621 1212 743 1286 virtute
761 1211 992 1309 anteponatis,
1011 1211 1107 1308 quod
1140 1245 1149 1293 ς

257 1325 292 1398 in
326 1326 419 1399 omni
448 1351 533 1401 sexu
564 1327 733 1402 laudanda
766 1352 874 1417 esses,
899 1326 962 1401 sed
989 1326 1108 1400 mulier

257 1443 362 1539 ionge
381 1442 596 1540 magis-quia
613 1442 717 1517 rarius
735 1441 904 1539 contingit
920 1458 957 1515 et
974 1441 1108 1539 dignius

256 1555 558 1655 admirabiliusque
585 1558 761 1632 iudicatur.
784 1559 886 1630 Plura
906 1556 1106 1644 scriberem,

256 1670 285 1746 si
300 1670 418 1745 dedita
434 1697 543 1771 opera
559 1673 604 1747 ad
618 1698 661 1747 ea
674 1699 754 1771 quae
765 1672 961 1746 meritorum
973 1688 1106 1745 tuorum

258 1787 457 1885 magnitudo
499 1788 627 1886 flagitat
666 1813 742 1863 mea
783 1812 952 1862 conversa
990 1787 1108 1861 suisset
1124 1825 1153 1862 ιο

255 1903 379 1977 oratio.
394 1903 464 1978 Sed
477 1904 639 2001 quoniam
654 1929 736 1979 casu
756 1905 788 1978 in
808 1907 899 1979 hune
911 1928 1106 1979 sermonem

257 2018 373 2109 incidi,
412 2021 490 2094 haec
515 2018 795 2118 explicandarum
825 2020 1105 2118 amplissimarum

256 2150 389 2209 tuarum
419 2136 555 2210 laudum
586 2159 691 2211 causa
719 2136 814 2211 dieta
843 2162 912 2210 non
942 2136 1105 2234 accipias,

257 2275 335 2324 nam
360 2252 503 2351 singulae
528 2252 668 2328 virtutes
686 2270 766 2342 tute,
786 2277 871 2351 quas
890 2252 1105 2351 negotiorum

257 2367 471 2442 multitudine
498 2368 682 2467 impeditus
708 2427 862 2442 .....
890 2369 1105 2443 adnumerari
1124 2402 1149 2449 ις

254 2482 389 2580 singula
404 2483 468 2558 sibi
489 2485 663 2561 volumina
678 2501 913 2583 exposcerent
929 2502 965 2558 et
979 2484 1106 2582 longis·

254 2597 374 2673 simam
392 2600 521 2675 orantis
535 2618 685 2676 aetatem.
704 2603 800 2676 Vale.

300 2820 351 2882 (η)
375 2821 434 2882 non}
456 2835 521 2871 vero
537 2822 567 2873 Ο
601 2821 651 2885 (¹5)
675 2822 859 2873 multitudinem
877 2822 907 2872 C.
946 2822 1107 2881 virtutesque

253 2902 386 2951 amaon.
413 2902 444 2952 G
478 2904 582 2952 Lacuna
604 2901 673 2966 τίμια
696 2900 1106 2967 cgoaddrw.1ncammu·

253 2981 336 3032 unda
350 2984 405 3046 poet
426 2981 564 3046 impeditus
586 2980 695 3034 additum
713 2983 747 3033 est
771 2983 795 3032 in
817 2995 930 3046 gregem.
964 2979 1014 3044 (17)
1034 2992 1107 3030 orne·

254 3063 288 3113 us
303 3062 335 3115 c
