2820 4680
582 609 633 675 3¹3

181 769 282 830 Vitrea
295 786 396 850 pressa
410 777 519 829 nocent
531 764 713 848 delapsaque
727 784 794 827 vasa
807 775 949 840 terantur,

222 866 269 927 Os
283 882 404 946 quoque
420 882 475 925 nec
489 875 601 925 mutum
617 880 673 924 nec
687 862 775 924 decet
788 881 853 924 esse
872 881 969 943 sagax.

184 963 212 1022 N
217 981 255 1023 on
270 975 315 1023 est
329 961 470 1043 propositi
483 961 539 1023 sub
553 960 648 1022 verbis
663 960 762 1022 lallere
777 960 875 1034 nostri,

222 1059 252 1120 Si
266 1059 333 1139 quis
346 1058 424 1120 enim
440 1058 518 1132 fallit,
538 1057 644 1119 fallitur
658 1058 721 1138 ipse
737 1058 836 1137 magis.

185 1155 235 1217 Nil
249 1155 338 1218 docto
352 1156 496 1217 mendace
510 1166 607 1236 potest
620 1153 812 1216 truculentius
825 1172 900 1229 esse,
1050 1160 1076 1213 15

224 1255 252 1314 N
257 1272 296 1314 on
310 1253 397 1314 decet
412 1254 550 1314 immitem
567 1253 648 1334 pellis
662 1253 748 1314 uuna
762 1252 873 1334 lupum.

181 1351 241 1413 Sed
255 1351 309 1412 sibi
324 1351 388 1433 plus
402 1351 459 1412 alio
473 1352 580 1432 patitur
599 1350 649 1430 qui
664 1350 790 1412 detrahit
804 1350 889 1424 hosti,

225 1449 294 1511 Plus
307 1450 361 1511 sibi
376 1468 465 1530 quam
479 1450 589 1531 cuique
604 1450 681 1511 lerre
694 1461 829 1530 gravatus
843 1448 937 1509 obest.

181 1547 383 1628 Quamplures
404 1547 499 1608 aliena
519 1559 629 1622 notant,
647 1566 701 1609 sua
713 1547 843 1608 carmina
857 1565 1017 1626 nunquam,

221 1645 325 1706 Albula
340 1665 398 1707 non
412 1644 563 1707 oculisest
577 1646 728 1706 manifesta
741 1645 809 1707 suis.
1048 1654 1080 1689 ²0

183 1743 295 1823 lingua
306 1743 439 1804 modesta
449 1753 558 1824 praeest
568 1742 686 1822 regibus
694 1742 880 1822 dominisque
887 1741 1030 1823 superbis,

223 1842 334 1902 Omnia
348 1841 505 1921 temperies
518 1857 683 1921 exuperare
698 1852 804 1922 potest.

182 1939 211 1999 Si
226 1939 328 1999 uineas
344 1939 518 2011 Dominum,
537 1950 566 1998 te
581 1950 688 2000 cuncta
701 1949 799 1999 creata
812 1937 965 2010 timebunt,

223 2036 410 2115 Obsequium
427 2036 508 2115 regni
524 2036 599 2115 regis
613 2036 723 2096 amicus
739 2036 835 2096 habet.

186 2134 256 2194 Non
271 2151 408 2194 reverens
426 2132 578 2194 Christum
594 2133 774 2194 revereberis
787 2150 876 2193 omne
890 2144 1030 2206 creatum,
1049 2139 1076 2192 ²5

226 2230 301 2309 Regi
314 2241 469 2310 suspectus
483 2229 588 2290 fronde
602 2230 727 2291 cadente
741 2231 827 2292 cadit.

265 2327 357 2407 Impia
370 2339 399 2387 te
414 2326 505 2407 lugiet
519 2345 617 2407 neque
631 2328 689 2389 alta
701 2328 839 2409 superbia
851 2328 941 2401 tollat,

223 2425 297 2503 Quo
312 2425 402 2504 magis
416 2424 547 2485 ascendit
563 2424 627 2506 plus
641 2426 700 2486 cito
714 2425 830 2485 flamma
843 2426 930 2487 cadit.

184 2520 360 2582 Glorificans
373 2521 512 2582 humilem
526 2523 660 2602 sequitur
673 2523 825 2604 praeoelsio
839 2534 967 2583 mentem

227 2617 377 2698 Plenaque
392 2618 456 2700 plus
470 2619 557 2681 arbor
572 2620 745 2681 fructificare
759 2620 842 2682 solet.
1051 2633 1080 2679 30

183 2715 275 2776 Altius
290 2728 321 2776 ut
334 2716 439 2777 scindit
454 2718 518 2798 plus
532 2718 643 2779 fervida
655 2717 763 2780 tollitur
777 2718 865 2793 unda,

226 2813 371 2875 Funditur
385 2815 413 2874 in
430 2815 550 2876 nihilum
565 2833 648 2876 mens
664 2816 777 2877 feritate
791 2814 917 2876 tumens.

186 2910 270 2970 lnllat
284 2929 316 2971 se
331 2911 419 2971 nimia
433 2912 584 2974 fraudatus
598 2912 685 2974 laude
699 2913 845 2994 superbus

228 3011 265 3069 Et
280 3009 368 3069 nimio
382 3021 469 3071 cantu
485 3029 585 3091 pressa
598 3010 699 3072 cicada
712 3022 822 3092 crepat.

185 3106 288 3167 Gloria
302 3107 367 3188 plus
381 3108 502 3169 miseros
515 3108 589 3170 solet
602 3107 748 3170 offuscare
761 3109 914 3190 superbos,
1051 3122 1077 3174 ³5

226 3205 369 3285 Denique
384 3204 449 3287 plus
463 3205 599 3268 claudum
615 3225 700 3268 crura
715 3207 809 3268 levare
824 3207 928 3268 solent.

242 3411 279 3473 11)
306 3418 427 3459 tenentur
453 3410 483 3461 G
528 3411 578 3476 (12)
605 3411 684 3461 docet
712 3412 742 3463 C.
787 3413 837 3478 (16)
860 3414 979 3462 iminitem
1004 3414 1034 3463 C.

184 3488 225 3552 (η
247 3503 296 3539 nec
307 3490 337 3539 C.
356 3488 406 3555 (31)
418 3490 494 3540 sindit
505 3489 535 3541 G
560 3490 610 3554 (μ)
621 3491 777 3542 nichilumc
801 3491 851 3556 (ις)
868 3493 987 3543 oluseare
1003 3492 1033 3544 t:

185 3570 236 3632 0⁶)
252 3572 319 3619 solet
336 3569 366 3620 G
