2820 4680
833 599 892 674 406

441 768 527 843 dixit
551 768 606 841 vix
625 767 769 843 credere
787 769 940 868 potuisse
956 772 1054 844 ullam
1072 795 1135 843 suo
1154 770 1187 842 in
1207 787 1296 844 tem·

440 909 527 981 pore
558 884 697 958 inveniri
730 910 833 982 posse
863 885 1060 974 foeminam,
1091 911 1170 983 quae
1201 902 1297 959 tanta

440 999 633 1073 eruditione
647 1017 683 1074 et
700 1000 899 1099 eloquentia
916 1018 1103 1098 praestaret.
1126 1004 1218 1075 l-laec
1233 1001 1296 1075 ita-

444 1140 513 1213 que
535 1140 613 1189 cum
642 1141 710 1189 non
728 1118 838 1188 solum
857 1116 1073 1190 humanitatis
1090 1114 1212 1206 studia,
1231 1115 1296 1190 sed

415 1261 424 1313 t
443 1246 479 1302 et
497 1230 705 1328 theologiam
724 1248 829 1329 atque
848 1230 1100 1328 philosophiam
1126 1231 1297 1328 attigisset

441 1345 650 1444 disciplinas,
670 1347 756 1420 inter
774 1364 901 1421 caetera
914 1345 1084 1445 quandam
1099 1348 1296 1422 altercatio

441 1487 531 1551 nem,
547 1460 581 1535 id
591 1478 644 1535 est
657 1461 838 1560 dyalogum
849 1462 1045 1559 composuit
1054 1486 1131 1537 cum
1143 1462 1295 1560 quodem

441 1575 532 1650 urbis
550 1576 730 1674 praesect0,
749 1604 820 1675 quo
838 1578 1026 1675 quaerebat,
1047 1595 1154 1651 utrum
1184 1577 1296 1651 Adam

441 1694 516 1789 plus
534 1692 731 1789 peccaverit
748 1718 849 1791 quam
870 1695 940 1766 Eva
953 1693 1145 1767 mandatum
1164 1692 1296 1766 domini

398 1836 427 1872 ιο
441 1808 733 1905 transgrediendo.
780 1807 889 1909 Quod
933 1808 1168 1906 peregregium
1212 1832 1297 1882 sane

440 1948 528 2020 opus
545 1922 731 1997 admodum
750 1923 901 2021 plurimis
927 1923 1064 2021 placuit.
1092 1922 1235 2020 Scripsit
1260 1940 1297 1997 et

440 2039 523 2113 alias
541 2042 717 2114 nonnullas
746 2039 920 2113 orationes
938 2056 974 2112 et
990 2039 1154 2137 epistolas
1171 2039 1297 2112 doctas

441 2171 545 2251 atque
571 2154 849 2252 elegantissimas,
867 2179 887 2229 a
906 2155 1017 2229 multis
1034 2155 1242 2252 approbatas
1260 2171 1297 2228 et

442 2269 603 2343 laudatas.
619 2270 694 2343 Alia
707 2270 809 2342 etiam
823 2269 982 2367 quaedam
992 2271 1160 2367 opuscula
1172 2268 1295 2360 edidit,

399 2413 424 2464 ις
441 2399 478 2456 ut
495 2409 538 2456 ex
565 2385 652 2458 libro
678 2401 796 2458 nostro
821 2384 867 2458 de
885 2385 1078 2458 clarissimis
1100 2385 1297 2459 mulieribus

440 2497 557 2572 videre
583 2499 729 2598 quisque
745 2515 871 2597 potest.

489 2717 523 2778 (7)
541 2717 566 2766 id
583 2717 632 2779 est]
650 2718 716 2767 ldeoe
734 2720 761 2766 Ε.
