2820 4680
409 1142 453 1191 10.
474 1142 573 1191 ΜΑΚΙΙ
592 1143 782 1192 PHILELPHI

167 1294 209 1366 de
230 1292 451 1392 pudicmsimae
476 1292 601 1393 virginis
628 1304 660 1368 et
679 1319 846 1392 generoso
866 1321 908 1369 ao
928 1310 1020 1395 prm·

167 1408 372 1484 nantissime
388 1408 526 1482 mulieris
550 1409 738 1483 Veronensis
751 1410 890 1485 moribus
903 1411 1018 1486 doctri-

403 1550 523 1624 naque,
544 1525 609 1600 vito
625 1534 657 1599 ei
672 1534 781 1600 morie.

168 1833 274 1916 Qualis
290 1838 381 1896 lsotta
393 1834 447 1895 suit
461 1834 529 1895 mihi
547 1834 699 1915 Nugnrola
712 1835 889 1910 canendum,

168 1934 258 2013 Virgo
274 1932 423 2014 pudicitie
437 1933 536 1993 Vestae
554 1933 733 2014 Phoeboque
747 1932 851 2007 dinato,

170 2032 221 2091 Da
232 2030 299 2091 mihi
312 2030 460 2090 materiam
471 2048 556 2091 versu
568 2031 690 2091 recitare
701 2048 819 2105 sonoro,

171 2128 287 2190 Phoebe
303 2139 393 2209 pater,
411 2138 473 2188 tum
487 2127 552 2189 diva
566 2127 629 2188 save
644 2128 712 2188 mihi
726 2138 757 2189 et
770 2128 833 2209 ipse
842 2128 949 2190 Sibilla.

168 2229 305 2288 Vestrum
323 2245 400 2306 opus
413 2237 458 2286 est
472 2225 575 2287 mulier
588 2226 701 2287 cunctis
718 2226 913 2288 memorabilis
927 2228 1019 2300 annis,
1057 2264 1066 2311 5

169 2325 241 2404 Qua
256 2342 311 2384 nec
326 2323 465 2384 maiorem
481 2323 602 2405 priscive
618 2323 720 2384 novive
734 2323 890 2385 dederunt.

172 2423 250 2483 Haec
264 2432 310 2482 est
323 2420 369 2481 ilia
383 2420 512 2501 quidem,
532 2421 645 2502 proavis
658 2437 729 2501 quae
741 2431 823 2483 creta
836 2421 979 2502 superbie

173 2518 333 2579 Nobilitate
349 2530 463 2600 patrum
478 2519 531 2580 toti
547 2518 695 2580 notissime
708 2529 805 2591 terroe,

170 2617 319 2697 Cognovit
333 2616 404 2697 quid
419 2616 512 2677 inanis
527 2616 630 2690 honos,
648 2616 721 2696 quid
734 2615 826 2696 gloria
846 2634 944 2676 rerum

171 2715 255 2774 Vana
268 2714 312 2786 sit,
331 2724 361 2772 et
375 2724 517 2793 quantum
533 2725 634 2795 poscet
648 2713 702 2774 sibi
716 2714 773 2775 vite
787 2712 938 2794 decorum,
1042 2755 1072 2793 10

173 2813 217 2874 Ut
232 2809 424 2872 moribundus
439 2812 528 2871 homo
542 2820 609 2891 post
622 2810 681 2871 iate
694 2810 731 2872 ad
746 2809 851 2893 sydera
863 2822 964 2872 vectus

173 2908 265 2970 Haud
281 2920 389 2969 metuat
401 2907 529 2990 Stygiam
545 2908 625 2969 nullo
639 2919 788 2970 reserante
803 2908 950 2990 paludem.

174 3008 253 3068 Haec
267 3006 370 3067 mulier
383 3007 492 3068 teneris
507 3006 637 3068 nondum
652 3007 721 3068 satis
734 3017 803 3087 apte
816 3005 871 3067 sub
888 3007 972 3067 annis

171 3104 276 3166 Vinuti
296 3104 430 3185 praebere
445 3123 557 3178 manus,
576 3115 688 3165 [eterne
702 3114 803 3165 secute

171 3203 296 3284 Semper
308 3214 371 3264 erat
385 3202 487 3264 studiis
501 3201 619 3264 laudum
634 3202 780 3283 iamneque
797 3219 852 3284 per
864 3201 978 3263 omneis
1043 3246 1069 3297 ¹5

222 3481 249 3529 ln
266 3478 332 3529 titulo
348 3479 519 3541 doctrinaque
534 3486 613 3541 etque
629 3478 680 3527 vnn
700 3478 727 3528 V.
769 3476 803 3541 (ι)
820 3475 977 3539 Phoebeque
998 3475 1025 3526 V.

173 3560 207 3623 (4)
225 3568 252 3609 ιιι
273 3562 301 3609 V.
336 3559 385 3624 (ιο)
403 3560 485 3624 poscit
498 3559 553 3610 CV.
582 3557 633 3623 (ιι)
649 3557 768 3610 vetusG
