2820 4680
692 549 749 637 ²5²

297 728 403 826 magis
438 727 596 824 ignorans
630 725 675 799 de
711 725 749 798 iis
784 725 886 797 rebus
922 723 1062 812 Pilatus,
1097 724 1146 796 vir

295 842 442 941 gentilis,
461 866 563 938 quum
582 841 699 929 ludaei,
711 841 768 938 qui
782 843 894 938 legem
908 855 947 912 et
958 842 1147 937 prophetas

235 996 237 1001 ·
297 975 419 1032 norant
431 974 467 1030 et
480 957 525 1031 de
539 957 681 1031 Christo
695 955 850 1052 quotidie
864 956 959 1052 signa
972 955 1146 1044 videbant,

296 1075 430 1148 loannis
460 1075 636 1171 primoet
665 1075 763 1145 XV.:
790 1071 827 1144 si
850 1097 913 1144 non
939 1071 1093 1144 venissem
1118 1080 1150 1145 et

271 1221 280 1271 ς
296 1189 418 1263 ocutus
431 1189 477 1262 eii
486 1185 709 1289 nousuu'ssem,
719 1197 889 1287 peccatum
902 1213 966 1261 non
979 1188 1148 1274 haberem·

296 1330 379 1379 nunc
404 1314 510 1379 autem
536 1304 776 1378 excusationem
797 1329 860 1377 non
878 1304 999 1377 liabent
1012 1304 1055 1378 de
1066 1318 1147 1403 pec-

296 1430 369 1494 cato
385 1446 454 1494 suo.
483 1420 587 1495 Unde
605 1420 668 1517 ipsi
686 1419 861 1493 dixerunt:
882 1419 977 1517 Quid
982 1418 1144 1520 facimus,

296 1537 374 1637 quio
398 1537 449 1611 hic
474 1536 569 1610 homo
590 1535 690 1609 multa
706 1535 798 1633 signa
806 1532 921 1635 facit?
947 1539 1049 1610 Item:
1078 1536 1147 1609 Dic

297 1652 389 1727 nobis
408 1651 537 1752 palato,
557 1652 634 1725 situ
652 1677 686 1724 es
704 1650 864 1725 Chn‘stus!
890 1653 981 1725 Nam
999 1654 1148 1749 populus

256 1769 353 1842 mille
379 1768 560 1866 peculiaris
586 1785 659 1842 erat
685 1767 754 1841 deo
780 1785 816 1841 et
842 1768 916 1865 ipse
934 1767 1148 1865 praedicabat

297 1885 472 1958 Christus:
501 1885 579 1956 Non
604 1908 674 1955 sum
700 1881 813 1956 missus
839 1882 901 1955 uisi
920 1882 967 1956 od
981 1908 1057 1956 oues
1073 1908 1149 1981 quoe

291 1999 455 2098 penemnt
465 1998 580 2073 domus
592 1998 725 2072 Israhel.
745 2000 823 2071 Non
836 2008 885 2073 est
896 1999 1013 2071 bonum
1026 2024 1149 2071 sumere

292 2129 415 2214 panem
444 2115 487 2189 de
504 2115 659 2188 'manibus
681 2114 820 2209 filiomm
844 2124 876 2188 et
899 2114 979 2188 dare
1002 2114 1146 2187 canibus.

299 2234 538 2304 Peccaverunt
564 2231 663 2328 igitur
688 2230 795 2327 magis
821 2230 937 2320 ludaei,
957 2247 993 2303 ut
1009 2254 1030 2303 a
1046 2229 1149 2301 Chri-

256 2377 281 2429 ις
296 2363 351 2420 sto
369 2346 471 2419 etiam
490 2345 597 2443 magis
614 2345 743 2436 dilecti,
761 2363 933 2419 eteorum
952 2346 1148 2442 exemplum

299 2461 330 2533 in
351 2463 454 2534 Evam
477 2461 614 2533 minime
632 2461 809 2566 congrum
829 2460 949 2558 sicque
967 2461 1148 2534 confirma·

298 2576 364 2649 tior
390 2601 466 2649 mea
492 2576 682 2650 remanebit
708 2577 888 2665 sementia,
915 2575 970 2648 cui
995 2574 1149 2671 adstipu-

298 2694 408 2792 luntur
440 2715 551 2765 sucrae
581 2691 713 2780 lineae,
746 2715 814 2764 non
851 2692 932 2766 Evae
966 2689 1028 2764 sed
1062 2688 1149 2762 Adae

299 2825 480 2903 peccatum
499 2808 713 2904 appellantes
732 2806 939 2903 ubicumque
964 2830 1007 2878 ea
1036 2805 1081 2879 de
1113 2829 1149 2878 re

257 2955 287 2990 ιο
300 2923 428 2996 mentio
443 2923 488 2995 iit.
511 2924 634 2995 Nuuo.
649 2920 832 3020 Quidquid
844 2947 889 2995 ex
907 2923 1148 3019 theologorum

347 3212 381 3276 (4)
396 3211 500 3262 somnis
516 3213 564 3260 XV
582 3213 615 3274 (v.
636 3211 691 3274 »ηε
717 3212 741 3260 si
760 3226 783 3258 n.
802 3225 858 3259 ven.
883 3218 909 3259 et
921 3212 1022 3259 docutus
1045 3210 1150 3259 fuissem

300 3293 346 3352 eis,
359 3305 433 3354 pecc.
445 3305 465 3342 ι.
507 3292 540 3355 (7)
553 3292 672 3340 dixerunt
689 3292 745 3353 (ΧΙ.
764 3292 820 3354 ⁴7)=
837 3290 908 3353 Quid
922 3303 941 3339 e.
977 3290 1010 3353 (8)
1027 3291 1092 3338 item
1104 3291 1148 3354 (X.

301 3372 358 3435 24):
375 3373 400 3421 Si
417 3381 444 3421 tu
461 3386 490 3421 es
507 3371 632 3431 Christus,
651 3372 694 3421 dic
711 3371 785 3420 nobis
802 3373 890 3432 pelam.
909 3384 929 3420 ι.
964 3370 1014 3432 (ιι)
1033 3369 1150 3418 Christus

300 3453 401 3516 (Metui.
419 3453 477 3504 XV.
496 3465 533 3512 ²⁴·
547 3451 604 3514 2o):
621 3453 681 3500 Non
697 3464 717 3500 e.
753 3451 802 3515 (ιι)
824 3453 901 3499 lsrael
919 3463 939 3499 e.
974 3450 1024 3513 (η)
1041 3462 1108 3512 pune
1119 3451 1147 3498 Ε.

301 3540 326 3581 οι
343 3533 444 3580 mittere
460 3544 514 3580 cun.
533 3544 552 3580 ι.
