2820 4680
583 589 634 654 ³55

179 743 289 802 Verum
311 741 419 802 etenim
432 741 524 802 maius
535 739 579 801 vel
594 758 683 820 quam
697 749 783 803 canat
798 739 861 822 ipse
877 740 1033 803 Menalcas

181 838 307 900 Dulcius
321 851 351 900 et
365 857 453 920 quam
468 839 505 900 sit
519 839 642 920 pastoris
656 837 752 899 fistula
767 837 832 898 Lini

181 939 288 1018 Nuper
298 936 335 997 ab
350 938 407 997 hoc
421 936 542 996 veniens
555 935 651 997 audivi
665 936 773 996 vertice
788 953 906 997 carmen

177 1037 275 1114 Atque
308 1053 366 1115 ego
396 1034 579 1095 Silvanumve
613 1044 724 1115 patrem
747 1032 792 1094 vel
819 1036 921 1095 Panna
935 1035 1032 1116 putari

178 1134 345 1204 Certantes‚
364 1132 430 1212 quis
445 1131 529 1213 plura
542 1131 651 1192 valeret
664 1131 803 1192 carmine.
821 1132 932 1193 Verum
1061 1139 1093 1186 oo

176 1229 331 1291 Accedens
346 1230 466 1310 propius
479 1230 611 1309 geminas
625 1239 744 1290 cantare
759 1228 870 1310 puellas

176 1328 295 1409 Aspicio
310 1327 488 1408 paribusque
502 1327 605 1387 animis
621 1345 677 1388 nec
691 1326 808 1408 dispare
823 1327 924 1389 lomna

178 1426 286 1487 Omnis
300 1425 339 1485 ibi
353 1424 390 1485 ad
405 1435 523 1486 cantum
539 1424 640 1505 positis
655 1423 803 1506 pendebat
816 1426 918 1487 aratris

175 1522 319 1602 Agricola,
338 1523 501 1583 innumerae
515 1522 631 1583 stabant
644 1523 754 1584 circum
770 1522 901 1603 undique
915 1535 1011 1606 captae

179 1622 261 1682 Hinc
284 1620 417 1681 volucres
431 1632 521 1701 atque
536 1620 604 1682 inde
620 1620 692 1682 lerae
707 1619 884 1701 leporesque
899 1621 1018 1702 lugsces
1059 1628 1088 1691 ος

180 1722 363 1799 pacatosque
378 1718 453 1779 inter
468 1718 664 1799 procumbere
678 1717 765 1779 dama
780 1718 931 1793 molossos,

178 1821 257 1880 Inter
270 1835 340 1885 oves
352 1828 447 1878 astare
463 1816 531 1898 lupi,
550 1816 732 1878 descendere
747 1834 876 1898 quercus

179 1916 335 1977 Montibus
348 1927 379 1975 et
395 1915 488 1976 Fauni
503 1925 566 1975 toto
580 1914 738 1977 decurrere
754 1914 830 1989 luco,

177 2012 293 2094 Quales
306 2013 402 2074 audivi
418 2023 549 2074 nostrum
563 2012 706 2074 cecinisse
722 2011 847 2074 Politem
916 2049 921 2058 -

177 2113 363 2192 Orpheaque
386 2123 416 2171 et
440 2111 547 2192 patrios
561 2111 739 2173 condentem
754 2111 879 2171 Anfiona
894 2131 1001 2187 muros,
1057 2135 1090 2180 9ο

175 2208 301 2289 Orphea
315 2208 477 2290 plorantem
493 2209 613 2270 nimium
629 2228 683 2290 pro
696 2209 823 2289 coniuge
838 2220 928 2290 rapta,

173 2309 271 2387 Atque
287 2307 366 2368 hunc
380 2307 455 2368 elata
469 2307 589 2369 dantem
604 2327 658 2389 pro
671 2308 798 2388 coniuge
813 2326 928 2389 poenas.

176 2406 241 2466 Has
263 2423 321 2486 ego
336 2405 464 2466 Dianam
483 2416 514 2465 et
529 2405 678 2468 Naiadum
692 2424 780 2467 unam
794 2423 860 2466 esse
875 2406 1012 2487 putabam

176 2506 214 2564 Et
229 2514 341 2563 tantum
362 2504 419 2564 hoc
433 2521 515 2586 saepe
528 2514 574 2565 est
588 2503 657 2564 mihi
672 2503 773 2565 Cintia
786 2503 846 2564 visa
859 2504 915 2564 sub
928 2515 1014 2566 antro

176 2603 243 2662 Nec
255 2601 402 2681 nimpham
418 2612 476 2662 tam
491 2602 578 2664 dulce
592 2612 748 2663 canentem
762 2601 879 2663 audisse
894 2602 1022 2678 videbar,
1057 2621 1085 2672 os

175 2701 245 2758 Non
264 2699 376 2780 Eglem‚
397 2701 519 2775 Dotom‚
539 2699 693 2762 Galateam
709 2699 975 2780 Cimodocemque.

171 2797 291 2858 Accedo
305 2810 335 2858 et
350 2798 458 2880 pariter
472 2799 625 2860 mirantem
640 2798 789 2878 interrogo
806 2798 920 2872 linum,

170 2897 255 2955 Anne
271 2896 318 2955 hae
335 2895 473 2970 Naiades,
492 2916 512 2957 o
527 2897 623 2957 Line?
639 2895 690 2957 llle
705 2896 834 2976 excipit:
852 2896 944 2958 Haud
958 2908 1027 2959 sunt

174 2992 313 3068 Naiades,
332 2994 383 3055 sed
399 3012 468 3074 quae
484 2994 615 3056 Naiades
628 2994 745 3054 vincere
761 3005 890 3074 possent.

173 3091 317 3153 Mortales
331 3094 427 3154 cernis
442 3111 498 3154 nec
512 3110 582 3173 quae
597 3091 728 3153 mortalia
741 3102 862 3172 tangant
1042 3112 1088 3149 roo

218 3315 269 3378 (81)
294 3315 414 3364 Acedens
435 3315 559 3379 proprius
584 3314 614 3364 C.
648 3317 739 3378 puelas
764 3314 795 3365 C
840 3315 891 3379 (83)
916 3315 965 3365 sibi
991 3315 1022 3366 Ο

169 3393 220 3458 (85)
228 3394 315 3456 adque
327 3395 358 3445 C.
388 3395 438 3459 (861
447 3394 621 3458 procumbere
630 3394 722 3445 damna
730 3395 760 3445 C.
789 3394 839 3460 (118)
851 3396 1023 3449 decurereC.

167 3474 218 3540 (93)
244 3475 354 3525 naiadun
379 3475 408 3526 0
452 3474 503 3540 (95)
528 3475 649 3539 ninplram
673 3484 716 3526 tan
740 3477 771 3526 C.
813 3474 864 3540 (97)
888 3476 973 3528 aeado
990 3477 1022 3528 C.

168 3556 288 3621 interogo
306 3555 336 3605 G

872 3664 917 3724 η·
