2820 4680
521 571 576 630 433

128 725 298 797 terarum?
317 721 456 796 Omitto
469 737 574 820 atque
589 738 762 820 praetereo
775 726 913 814 vultum,
933 723 983 796 in-

127 861 274 920 cessum,
283 854 401 934 gestus
415 853 598 936 motusque
616 837 774 935 corporis
788 838 834 913 ita
847 837 983 937 dignos,

127 952 399 1041 itavenustosut
409 970 522 1026 tamen
532 952 577 1026 ad
587 952 697 1026 sorum
709 953 982 1029 nonadscenam

127 1066 266 1140 instituti
276 1065 983 1168 videanturQuis,perdeosoro,estadeo

126 1180 982 1272 durus‚adeobarbarus‚adeoavulsusaMusisat-
1014 1213 1024 1265 t

126 1323 195 1395 que
214 1297 324 1371 omnis
343 1323 481 1395 prorsus
500 1297 715 1372 humanitatis
733 1323 869 1396 expers,
880 1299 938 1397 qui
952 1299 981 1374 si

125 1430 194 1485 tum
206 1413 567 1501 coramaffuisset‚non
578 1412 671 1487 illico
681 1413 714 1486 in
725 1439 781 1487 me
791 1431 858 1487 tam
869 1415 982 1489 multis

125 1528 274 1627 querelis
292 1531 467 1627 multaque
485 1528 785 1602 commiseratione
805 1544 981 1627 permotus

125 1644 293 1742 potuisset
322 1669 400 1717 sese
426 1668 447 1716 a
472 1643 619 1717 lacrimis
645 1668 823 1718 coercere.
851 1647 979 1718 Verum

124 1760 309 1834 enimvero
323 1777 369 1849 tu,
381 1759 425 1832 mi
436 1758 584 1849 Andrea,
595 1760 652 1857 qui
662 1760 736 1834 sine
746 1761 981 1835 controversia
996 1793 1025 1828 ιο

123 1892 160 1949 et
186 1875 324 1973 ingenio
351 1874 548 1949 moderatus
568 1899 611 1949 ac
629 1876 729 1964 mitis,
756 1874 884 1949 dehinc
905 1902 980 1949 om·

124 1992 213 2064 nium
233 1991 420 2064 liberalium
439 1990 692 2089 disciplinarum
723 1990 843 2066 studiis
868 2015 979 2090 expo-

124 2108 211 2196 litus,
238 2105 424 2180 admodum
452 2106 532 2179 mihi
560 2107 714 2180 immanis
740 2132 784 2179 ex
814 2107 978 2206 proximis

122 2246 165 2294 ac
182 2222 302 2295 velatis
316 2222 391 2308 tuis,
407 2239 443 2295 ut
456 2222 506 2296 sic
521 2220 677 2311 dixerim,
692 2221 810 2296 litteris
823 2222 913 2297 visus
927 2247 977 2313 es,

123 2364 166 2411 ne
180 2338 293 2411 dicam
308 2340 485 2435 superbus,
501 2363 579 2411 cum
594 2337 628 2410 id
641 2341 780 2436 vulgare
793 2339 908 2413 vitium
922 2339 975 2414 sit.
994 2370 1019 2422 ις

123 2454 268 2555 Quippe
299 2453 448 2527 eumad
476 2480 531 2528 me
561 2480 600 2528 se
626 2454 773 2528 eontulit
792 2455 974 2554 KyriacuS,

121 2569 284 2667 equidem
304 2595 376 2668 prae
399 2569 503 2643 nimio
525 2572 616 2644 luctu
637 2570 762 2644 nedum
777 2570 873 2669 quod
896 2597 976 2669 pos-

121 2710 193 2757 sem
212 2684 391 2782 epistolam
412 2702 514 2774 tuam,
541 2711 643 2782 quam
670 2685 750 2758 mihi
778 2684 976 2760 reddiderat

122 2799 194 2872 heri
204 2799 528 2897 vesperi‚lectitare‚
539 2799 602 2873 sed
615 2800 669 2872 vix
681 2801 854 2874 hominem
864 2801 975 2875 oculis

122 2931 276 3013 poteram
297 2913 427 2988 intueri.
448 2918 529 2989 Sum
551 2941 635 2989 sane
661 2916 787 3013 ignara,
805 2917 974 3014 quamob-
988 2950 1019 2985 ιο

121 3056 192 3103 rem
212 3046 258 3120 tu,
277 3031 326 3103 vir
338 3031 571 3106 ornatissimus
584 3048 690 3130 atque
703 3032 973 3124 humanissimus,

121 3147 179 3245 qui
210 3172 348 3244 semper
377 3147 511 3220 cunctis
538 3147 570 3219 in
598 3147 684 3221 locis
702 3147 843 3221 extitisti
862 3148 975 3223 fautor

121 3287 283 3352 mearum,
309 3261 337 3336 si
364 3287 444 3361 quae
469 3279 557 3352 sunt,
586 3262 733 3354 laudum,
764 3279 976 3359 tamquama

120 3443 199 3573 ιῄιη(19)
224 3445 340 3510 lacrymis
358 3445 383 3495 S
418 3444 467 3510 (ιι.
488 3444 526 3509 13)
551 3447 608 3495 Post
623 3445 752 3509 expolitus
759 3443 823 3510 sort.
839 3458 869 3495 es
884 3444 975 3495 addeu-

192 3526 234 3574 est.

172 3648 234 3692 lm
247 3645 357 3701 Noguoloe
370 3645 448 3702 Opem.
460 3644 486 3688 tt
837 3632 867 3682 28
