2820 4680
679 536 691 605 5

256 720 410 773 summos
443 697 563 794 apices
593 720 702 794 usque
728 696 848 771 venisti
879 720 1005 793 magno
1030 719 1108 769 cum

256 812 305 886 tui
333 805 483 886 nominis¹
498 811 685 910 splendore
703 828 739 885 et
754 806 872 911 gloria.
906 812 1001 885 Nihil
1018 811 1108 885 enim

257 927 511 1002 conducibilius
536 951 579 1001 ac
606 927 713 1026 magis
740 927 936 1025 frugiferum
954 924 1109 1022 domina·

258 1044 323 1118 bus
348 1068 426 1119 esse
448 1059 575 1142 potest,
593 1067 696 1141 quarn
723 1043 927 1141 posthabitis
953 1043 1110 1143 corporis

257 1159 453 1234 commodis
486 1159 531 1233 ad
564 1183 608 1233 ea
642 1159 785 1233 tendere
818 1184 952 1233 summo
982 1175 1108 1234 conatu
1142 1187 1151 1238 t

256 1300 340 1374 quoe
358 1300 426 1350 non
445 1276 553 1373 possit
569 1274 779 1349 labefactare
797 1275 941 1349 lortuna.
964 1277 995 1348 Α
1012 1291 1109 1348 tene·

257 1392 303 1465 ris
330 1393 475 1467 habuisti
503 1392 693 1492 unguiculis
723 1393 811 1465 illam
840 1391 1007 1466 Lactantii
1036 1391 1108 1464 Fir-

258 1507 360 1582 miani
394 1507 608 1597 sententiam,
643 1507 702 1606 qui
738 1533 806 1581 non
841 1507 991 1581 ultimum
1023 1507 1109 1580 inter

258 1625 444 1722 theologos
471 1626 584 1698 locum
604 1624 748 1698 obtinet.
780 1624 853 1724 Qui
872 1625 974 1711 bona,
990 1623 1107 1721 inquit,

258 1739 435 1838 negligunt
459 1739 560 1814 animi
582 1755 618 1813 et
635 1739 793 1838 corporis
810 1754 988 1837 appetunt,
1007 1740 1039 1812 in
1057 1755 1155 1812 te-10

258 1854 374 1928 nebris
404 1878 447 1929 ac
477 1871 588 1928 morte
618 1870 801 1929 versantur.
834 1853 926 1928 Istud
957 1854 1037 1928 item
1064 1880 1108 1928 ex

258 1969 439 2044 Cicerone
449 1986 568 2044 nostro
590 1986 771 2044 notaveras
788 1970 822 2042 in
841 1969 999 2044 officiis:
1020 1971 1108 2043 Om-

258 2110 320 2160 nes
345 2085 437 2159 enim
463 2086 625 2160 trahimur
650 2102 687 2159 et
704 2085 859 2160 ducimur
876 2086 919 2160 ad
938 2086 1109 2184 cognitio·

258 2200 311 2276 nis
328 2218 363 2275 et
380 2200 535 2276 scientiae
552 2201 788 2299 cupiditatem,
803 2202 835 2274 in
850 2227 917 2299 qua
934 2204 1108 2275 excellere

258 2317 437 2413 pulchrum
464 2333 632 2414 putamus,
659 2316 725 2391 labi
750 2334 876 2408 autem,
903 2341 1028 2407 errare,
1046 2316 1108 2390 de
1124 2334 1150 2389 ¹5

257 2429 327 2528 cipi
357 2448 393 2504 et
423 2431 555 2505 nescire
586 2433 708 2506 malum
738 2448 775 2505 et
808 2449 907 2530 turpe
941 2431 1106 2506 ducimus.

258 2545 369 2648 Quod
388 2546 605 2644 perspicuum
624 2547 715 2622 illum
733 2566 905 2622 oratorem
925 2547 1108 2649 Quintilia-

257 2687 338 2736 num
357 2687 426 2736 non
445 2662 529 2761 sugit
546 2663 578 2736 in
603 2687 665 2738 sua
687 2660 1104 2739 Oratoria'lnstitutione:

258 2780 351 2853 Nam
366 2778 454 2852 sicut
470 2803 551 2853 aves
568 2780 613 2853 ad
631 2782 791 2871 volatum,
810 2781 890 2877 equi
908 2779 952 2854 ad
971 2805 1106 2854 cursum

303 3015 340 3080 (a)
355 3028 387 3067 nc
412 3017 493 3081 gloria
515 3019 540 3068 ἃ
574 3018 609 3082 (3)
631 3026 658 3067 et
679 3019 757 3082 magis
781 3019 811 3069 c.
846 3017 880 3081 (6)
905 3017 1050 3067 labefactari
1074 3017 1105 3067 C.

254 3096 292 3162 (7)
315 3096 418 3147 hausisti
442 3098 469 3147 ι
503 3097 536 3161 (8.
554 3096 580 3159 9)
602 3098 779 3160 qui-obtinet
802 3111 848 3148 ont.
876 3098 901 3147 s
935 3096 970 3161 (o)
990 3105 1061 3146 tenet
1078 3098 1105 3145 1„

255 3177 307 3243 (ιο)
318 3177 480 3240 adpetuntl„
514 3178 981 3243 (10.11)intenebresacmortemc.
1013 3176 1063 3239 (ιι)
1080 3177 1107 3226 il-

254 3257 301 3308 lud
319 3258 345 3307 s
380 3257 449 3307 idem
465 3258 516 3309 ct„
549 3258 598 3322 (ιι.
615 3258 653 3321 υ)
677 3259 763 3309 acic
783 3259 833 3309 α.
867 3259 917 3322 (ιι)
934 3258 1062 3307 notaveris
1079 3257 1104 3306 S.

254 3337 307 3400 (ις)
334 3350 367 3387 ac
389 3337 449 3388 duc
475 3339 504 3398 l..
530 3351 577 3388 ont
603 3338 634 3399 c,
663 3340 729 3399 recte,
752 3340 819 3403 puto.
863 3336 914 3401 (ις)
938 3339 1054 3401 pulcrum
1077 3337 1105 3384 1..
1175 3369 1177 3373 ν

254 3424 282 3467 ot
304 3428 395 3467 “aare
418 3416 450 3466 c.
483 3416 534 3481 (ιθ)
560 3417 596 3467 de
619 3419 730 3468 oratoris
747 3416 778 3478 C,
802 3417 837 3467 de
861 3417 973 3467 oratoria
996 3417 1024 3476 1.,
1051 3429 1107 3464 ora·

253 3496 320 3546 toria
337 3496 364 3545 ἃ
