<?xml version="1.0" encoding="UTF-8"?>
<!DOCTYPE html PUBLIC "-//W3C//DTD XHTML 1.0 Transitional//EN"
    "http://www.w3.org/TR/xhtml1/DTD/xhtml1-transitional.dtd">
<html xmlns="http://www.w3.org/1999/xhtml" xml:lang="en" lang="en">
 <head>
  <title>
</title>
<meta http-equiv="Content-Type" content="text/html;charset=utf-8" />
  <meta name='ocr-system' content='tesseract 3.04.00' />
  <meta name='ocr-capabilities' content='ocr_page ocr_carea ocr_par ocr_line ocrx_word'/>
</head>
<body>
  <div class='ocr_page' id='page_1' title='image "./isotnogarolvero01nogagoog/isotnogarolvero01nogagoog_0397.png"; bbox 0 0 2820 4680; ppageno 0'>
   <div class='ocr_carea' id='block_1_1' title="bbox 521 1423 1159 1523">
    <p class='ocr_par' dir='ltr' id='par_1_1' title="bbox 521 1423 1159 1523">
     <span class='ocr_line' id='line_1_1' title="bbox 521 1423 1159 1523; baseline -0.003 -25"><span class='ocrx_word' id='word_1_1' title='bbox 521 1426 651 1498; x_wconf 77' lang='lat' dir='ltr'><em>Sonetto</em></span> <span class='ocrx_word' id='word_1_2' title='bbox 668 1424 704 1497; x_wconf 82' lang='lat' dir='ltr'>di</span> <span class='ocrx_word' id='word_1_3' title='bbox 719 1423 830 1498; x_wconf 74' lang='grc' dir='ltr'><em>Μαήο</em></span> <span class='ocrx_word' id='word_1_4' title='bbox 842 1437 907 1523; x_wconf 80' lang='lat' dir='ltr'>per</span> <span class='ocrx_word' id='word_1_5' title='bbox 921 1423 955 1498; x_wconf 75' lang='lat' dir='ltr'>la</span> <span class='ocrx_word' id='word_1_6' title='bbox 971 1424 1159 1523; x_wconf 74' lang='lat' dir='ltr'>sopraditta.</span> 
     </span>
    </p>
   </div>
   <div class='ocr_carea' id='block_1_2' title="bbox 458 1919 1162 2293">
    <p class='ocr_par' dir='ltr' id='par_1_2' title="bbox 458 1919 1162 2293">
     <span class='ocr_line' id='line_1_2' title="bbox 458 1919 1107 2002; baseline -0.002 -20"><span class='ocrx_word' id='word_1_7' title='bbox 458 1921 499 1982; x_wconf 78' lang='lat' dir='ltr'>La</span> <span class='ocrx_word' id='word_1_8' title='bbox 514 1938 622 2002; x_wconf 81' lang='lat' dir='ltr'>pompa</span> <span class='ocrx_word' id='word_1_9' title='bbox 635 1932 665 1980; x_wconf 89' lang='lat' dir='ltr'>et</span> <span class='ocrx_word' id='word_1_10' title='bbox 679 1919 764 1993; x_wconf 87' lang='lat' dir='ltr'>l&#39;oro,</span> <span class='ocrx_word' id='word_1_11' title='bbox 782 1931 813 1981; x_wconf 90' lang='lat' dir='ltr'>et</span> <span class='ocrx_word' id='word_1_12' title='bbox 826 1932 933 2000; x_wconf 82' lang='lat' dir='ltr'>questo</span> <span class='ocrx_word' id='word_1_13' title='bbox 947 1920 1023 1982; x_wconf 85' lang='lat' dir='ltr'>viver</span> <span class='ocrx_word' id='word_1_14' title='bbox 1037 1920 1107 1981; x_wconf 81' lang='lat' dir='ltr'>fmle</span> 
     </span>
     <span class='ocr_line' id='line_1_3' title="bbox 496 2017 1162 2098; baseline -0.003 -18"><span class='ocrx_word' id='word_1_15' title='bbox 496 2017 564 2080; x_wconf 89' lang='lat' dir='ltr'>Che</span> <span class='ocrx_word' id='word_1_16' title='bbox 579 2018 696 2079; x_wconf 80' lang='lat' dir='ltr'>ciercha</span> <span class='ocrx_word' id='word_1_17' title='bbox 709 2018 777 2098; x_wconf 82' lang='lat' dir='ltr'>ogni</span> <span class='ocrx_word' id='word_1_18' title='bbox 792 2018 942 2079; x_wconf 83' lang='lat' dir='ltr'><strong>mundano</strong></span> <span class='ocrx_word' id='word_1_19' title='bbox 957 2018 985 2078; x_wconf 85' lang='lat' dir='ltr'>in</span> <span class='ocrx_word' id='word_1_20' title='bbox 1001 2019 1085 2080; x_wconf 73' lang='lat' dir='ltr'>bassa</span> <span class='ocrx_word' id='word_1_21' title='bbox 1098 2019 1162 2090; x_wconf 80' lang='lat' dir='ltr'>vita,</span> 
     </span>
     <span class='ocr_line' id='line_1_4' title="bbox 499 2115 1047 2196; baseline 0 -20"><span class='ocrx_word' id='word_1_22' title='bbox 499 2118 537 2176; x_wconf 80' lang='lat' dir='ltr'>Et</span> <span class='ocrx_word' id='word_1_23' title='bbox 549 2115 619 2196; x_wconf 87' lang='lat' dir='ltr'>ogni</span> <span class='ocrx_word' id='word_1_24' title='bbox 632 2115 799 2195; x_wconf 87' lang='lat' dir='ltr'>chupidigia</span> <span class='ocrx_word' id='word_1_25' title='bbox 813 2116 850 2176; x_wconf 77' lang='lat' dir='ltr'>ha</span> <span class='ocrx_word' id='word_1_26' title='bbox 871 2115 915 2175; x_wconf 72' lang='lat' dir='ltr'>v&#39;na</span> <span class='ocrx_word' id='word_1_27' title='bbox 929 2116 1047 2177; x_wconf 85' lang='lat' dir='ltr'>bandita</span> 
     </span>
     <span class='ocr_line' id='line_1_5' title="bbox 498 2213 1141 2293; baseline 0 -20"><span class='ocrx_word' id='word_1_28' title='bbox 498 2213 540 2273; x_wconf 80' lang='lat' dir='ltr'>La</span> <span class='ocrx_word' id='word_1_29' title='bbox 552 2214 651 2274; x_wconf 76' lang='lat' dir='ltr'>chasta</span> <span class='ocrx_word' id='word_1_30' title='bbox 668 2215 765 2287; x_wconf 66' lang='lat' dir='ltr'><strong>hotta,</strong></span> <span class='ocrx_word' id='word_1_31' title='bbox 784 2213 853 2293; x_wconf 84' lang='lat' dir='ltr'>qual</span> <span class='ocrx_word' id='word_1_32' title='bbox 867 2214 958 2293; x_wconf 75' lang='lat' dir='ltr'>spino</span> <span class='ocrx_word' id='word_1_33' title='bbox 972 2213 1141 2274; x_wconf 81' lang='lat' dir='ltr'>immortale.</span> 
     </span>
    </p>
   </div>
   <div class='ocr_carea' id='block_1_3' title="bbox 458 2407 1183 2781">
    <p class='ocr_par' dir='ltr' id='par_1_3' title="bbox 458 2407 1183 2781">
     <span class='ocr_line' id='line_1_6' title="bbox 458 2407 993 2489; baseline -0.002 -20"><span class='ocrx_word' id='word_1_34' title='bbox 458 2411 496 2469; x_wconf 88' lang='lat' dir='ltr'>Et</span> <span class='ocrx_word' id='word_1_35' title='bbox 510 2427 561 2469; x_wconf 82' lang='lat' dir='ltr'>era</span> <span class='ocrx_word' id='word_1_36' title='bbox 574 2408 622 2489; x_wconf 63' lang='lat' dir='ltr'>gi&amp;</span> <span class='ocrx_word' id='word_1_37' title='bbox 635 2408 757 2470; x_wconf 81' lang='lat' dir='ltr'>arrivata</span> <span class='ocrx_word' id='word_1_38' title='bbox 771 2408 799 2468; x_wconf 84' lang='lat' dir='ltr'>in</span> <span class='ocrx_word' id='word_1_39' title='bbox 814 2421 892 2469; x_wconf 80' lang='lat' dir='ltr'>terra</span> <span class='ocrx_word' id='word_1_40' title='bbox 905 2427 922 2468; x_wconf 78' lang='lat' dir='ltr'>a</span> <span class='ocrx_word' id='word_1_41' title='bbox 936 2407 993 2468; x_wconf 86' lang='lat' dir='ltr'>tale</span> 
     </span>
     <span class='ocr_line' id='line_1_7' title="bbox 497 2504 1029 2577; baseline -0.008 -9"><span class='ocrx_word' id='word_1_42' title='bbox 497 2506 599 2568; x_wconf 72' lang='lat' dir='ltr'>Cheru</span> <span class='ocrx_word' id='word_1_43' title='bbox 612 2526 629 2566; x_wconf 76' lang='lat' dir='ltr'><strong>a</strong></span> <span class='ocrx_word' id='word_1_44' title='bbox 643 2506 715 2566; x_wconf 70' lang='lat' dir='ltr'><strong>virm</strong></span> <span class='ocrx_word' id='word_1_45' title='bbox 730 2517 841 2567; x_wconf 76' lang='lat' dir='ltr'>sacrata</span> <span class='ocrx_word' id='word_1_46' title='bbox 855 2516 885 2565; x_wconf 81' lang='lat' dir='ltr'>et</span> <span class='ocrx_word' id='word_1_47' title='bbox 898 2504 1029 2577; x_wconf 75' lang='lat' dir='ltr'>stabilita,</span> 
     </span>
     <span class='ocr_line' id='line_1_8' title="bbox 494 2602 1054 2684; baseline -0.004 -19"><span class='ocrx_word' id='word_1_48' title='bbox 494 2604 592 2665; x_wconf 85' lang='lat' dir='ltr'>Simile</span> <span class='ocrx_word' id='word_1_49' title='bbox 603 2623 620 2663; x_wconf 87' lang='lat' dir='ltr'>a</span> <span class='ocrx_word' id='word_1_50' title='bbox 630 2604 699 2684; x_wconf 81' lang='lat' dir='ltr'>qual</span> <span class='ocrx_word' id='word_1_51' title='bbox 714 2621 767 2684; x_wconf 87' lang='lat' dir='ltr'>per</span> <span class='ocrx_word' id='word_1_52' title='bbox 781 2603 944 2683; x_wconf 82' lang='lat' dir='ltr'>meraviglia</span> <span class='ocrx_word' id='word_1_53' title='bbox 956 2602 1054 2663; x_wconf 79' lang='lat' dir='ltr'>addita</span> 
     </span>
     <span class='ocr_line' id='line_1_9' title="bbox 495 2700 1183 2781; baseline -0.003 -18"><span class='ocrx_word' id='word_1_54' title='bbox 495 2701 554 2764; x_wconf 87' lang='lat' dir='ltr'>Chi</span> <span class='ocrx_word' id='word_1_55' title='bbox 569 2720 627 2762; x_wconf 90' lang='lat' dir='ltr'>con</span> <span class='ocrx_word' id='word_1_56' title='bbox 641 2700 801 2781; x_wconf 79' lang='lat' dir='ltr'><strong>l&#39;ingiegno</strong></span> <span class='ocrx_word' id='word_1_57' title='bbox 814 2701 840 2761; x_wconf 77' lang='lat' dir='ltr'>al</span> <span class='ocrx_word' id='word_1_58' title='bbox 854 2700 922 2762; x_wconf 83' lang='lat' dir='ltr'>ciel</span> <span class='ocrx_word' id='word_1_59' title='bbox 936 2700 1104 2761; x_wconf 76' lang='lat' dir='ltr'>chantando</span> <span class='ocrx_word' id='word_1_60' title='bbox 1114 2700 1183 2762; x_wconf 79' lang='lat' dir='ltr'><strong>sale.</strong></span> 
     </span>
    </p>
   </div>
   <div class='ocr_carea' id='block_1_4' title="bbox 457 2887 1186 3164">
    <p class='ocr_par' dir='ltr' id='par_1_4' title="bbox 457 2887 1186 3164">
     <span class='ocr_line' id='line_1_10' title="bbox 457 2887 1013 2949; baseline -0.002 0"><span class='ocrx_word' id='word_1_61' title='bbox 457 2891 536 2949; x_wconf 82' lang='lat' dir='ltr'>Rara</span> <span class='ocrx_word' id='word_1_62' title='bbox 549 2889 572 2949; x_wconf 87' lang='lat' dir='ltr'>si</span> <span class='ocrx_word' id='word_1_63' title='bbox 586 2888 652 2949; x_wconf 86' lang='lat' dir='ltr'><strong>vide</strong></span> <span class='ocrx_word' id='word_1_64' title='bbox 666 2907 683 2948; x_wconf 77' lang='lat' dir='ltr'>a</span> <span class='ocrx_word' id='word_1_65' title='bbox 698 2887 746 2948; x_wconf 85' lang='lat' dir='ltr'>noi</span> <span class='ocrx_word' id='word_1_66' title='bbox 760 2887 833 2948; x_wconf 88' lang='lat' dir='ltr'>simil</span> <span class='ocrx_word' id='word_1_67' title='bbox 850 2887 991 2949; x_wconf 89' lang='lat' dir='ltr'>Phenicie</span> <span class='ocrx_word' id='word_1_68' title='bbox 1006 2907 1013 2948; x_wconf 92' lang='lat'>:</span> 
     </span>
     <span class='ocr_line' id='line_1_11' title="bbox 495 2984 1186 3065; baseline 0 -20"><span class='ocrx_word' id='word_1_69' title='bbox 495 2985 577 3065; x_wconf 81' lang='lat' dir='ltr'><strong>Qua}</strong></span> <span class='ocrx_word' id='word_1_70' title='bbox 592 3004 656 3046; x_wconf 78' lang='lat' dir='ltr'>rara</span> <span class='ocrx_word' id='word_1_71' title='bbox 670 3003 687 3044; x_wconf 87' lang='lat' dir='ltr'>e</span> <span class='ocrx_word' id='word_1_72' title='bbox 701 2985 748 3045; x_wconf 88' lang='lat' dir='ltr'>chi</span> <span class='ocrx_word' id='word_1_73' title='bbox 764 2984 822 3045; x_wconf 88' lang='lat' dir='ltr'>ben</span> <span class='ocrx_word' id='word_1_74' title='bbox 838 2984 943 3065; x_wconf 78' lang='lat' dir='ltr'><strong>leggha</strong></span> <span class='ocrx_word' id='word_1_75' title='bbox 956 2997 986 3045; x_wconf 88' lang='lat' dir='ltr'>et</span> <span class='ocrx_word' id='word_1_76' title='bbox 1001 2985 1059 3046; x_wconf 89' lang='lat' dir='ltr'>ben</span> <span class='ocrx_word' id='word_1_77' title='bbox 1074 2985 1186 3065; x_wconf 82' lang='lat' dir='ltr'>adopre</span> 
     </span>
     <span class='ocr_line' id='line_1_12' title="bbox 497 3082 1092 3164; baseline -0.002 -21"><span class='ocrx_word' id='word_1_78' title='bbox 497 3085 569 3143; x_wconf 90' lang='lat' dir='ltr'>Non</span> <span class='ocrx_word' id='word_1_79' title='bbox 584 3083 663 3143; x_wconf 80' lang='lat' dir='ltr'>fenta</span> <span class='ocrx_word' id='word_1_80' title='bbox 678 3082 782 3155; x_wconf 44' lang='lat' dir='ltr'>Laut&amp;</span> <span class='ocrx_word' id='word_1_81' title='bbox 800 3101 820 3143; x_wconf 93' lang='lat' dir='ltr'>o</span> <span class='ocrx_word' id='word_1_82' title='bbox 834 3094 923 3164; x_wconf 80' lang='lat' dir='ltr'>penta</span> <span class='ocrx_word' id='word_1_83' title='bbox 939 3082 1092 3143; x_wconf 82' lang='lat' dir='ltr'>Beatricie.</span> 
     </span>
    </p>
   </div>
   <div class='ocr_carea' id='block_1_5' title="bbox 414 3269 1270 3651">
    <p class='ocr_par' dir='ltr' id='par_1_5' title="bbox 414 3269 1270 3651">
     <span class='ocr_line' id='line_1_13' title="bbox 464 3269 1270 3331; baseline 0.002 -14"><span class='ocrx_word' id='word_1_84' title='bbox 464 3270 524 3317; x_wconf 89' lang='lat' dir='ltr'>Hoc</span> <span class='ocrx_word' id='word_1_85' title='bbox 552 3269 650 3318; x_wconf 71' lang='lat' dir='ltr'><strong>loannis</strong></span> <span class='ocrx_word' id='word_1_86' title='bbox 676 3270 750 3317; x_wconf 81' lang='lat' dir='ltr'>Marii</span> <span class='ocrx_word' id='word_1_87' title='bbox 776 3269 902 3331; x_wconf 69' lang='lat' dir='ltr'>philelphi</span> <span class='ocrx_word' id='word_1_88' title='bbox 928 3283 1030 3318; x_wconf 75' lang='lat' dir='ltr'><strong>carmen</strong></span> <span class='ocrx_word' id='word_1_89' title='bbox 1053 3269 1149 3318; x_wconf 74' lang='lat' dir='ltr'><strong>editum</strong></span> <span class='ocrx_word' id='word_1_90' title='bbox 1175 3277 1215 3318; x_wconf 86' lang='lat' dir='ltr'>est</span> <span class='ocrx_word' id='word_1_91' title='bbox 1244 3272 1270 3320; x_wconf 86' lang='lat' dir='ltr'>in</span> 
     </span>
     <span class='ocr_line' id='line_1_14' title="bbox 414 3347 1270 3411; baseline 0.002 -14"><span class='ocrx_word' id='word_1_92' title='bbox 414 3348 481 3398; x_wconf 86' lang='lat' dir='ltr'><strong>libro</strong></span> <span class='ocrx_word' id='word_1_93' title='bbox 497 3347 832 3411; x_wconf 75' lang='lat' dir='ltr'>supmp.361citnto(tom.</span> <span class='ocrx_word' id='word_1_94' title='bbox 850 3350 904 3396; x_wconf 86' lang='lat' dir='ltr'>Vll.</span> <span class='ocrx_word' id='word_1_95' title='bbox 923 3356 988 3410; x_wconf 80' lang='lat' dir='ltr'><strong>part.</strong></span> <span class='ocrx_word' id='word_1_96' title='bbox 1008 3361 1029 3407; x_wconf 88' lang='lat'>1,</span> <span class='ocrx_word' id='word_1_97' title='bbox 1048 3362 1073 3411; x_wconf 87' lang='lat' dir='ltr'>p.</span> <span class='ocrx_word' id='word_1_98' title='bbox 1094 3348 1146 3411; x_wconf 74' lang='grc' dir='ltr'>η),</span> <span class='ocrx_word' id='word_1_99' title='bbox 1165 3362 1197 3396; x_wconf 87' lang='lat' dir='ltr'>ex</span> <span class='ocrx_word' id='word_1_100' title='bbox 1213 3363 1270 3410; x_wconf 89' lang='lat' dir='ltr'>quo</span> 
     </span>
     <span class='ocr_line' id='line_1_15' title="bbox 414 3427 1270 3491; baseline 0.002 -14"><span class='ocrx_word' id='word_1_101' title='bbox 414 3428 551 3491; x_wconf 78' lang='lat' dir='ltr'><strong>descripsit</strong></span> <span class='ocrx_word' id='word_1_102' title='bbox 574 3429 603 3475; x_wconf 83' lang='lat' dir='ltr'>V.</span> <span class='ocrx_word' id='word_1_103' title='bbox 623 3429 704 3477; x_wconf 77' lang='lat' dir='ltr'>Hanl.</span> <span class='ocrx_word' id='word_1_104' title='bbox 732 3429 803 3476; x_wconf 78' lang='lat' dir='ltr'>Extat</span> <span class='ocrx_word' id='word_1_105' title='bbox 822 3429 898 3477; x_wconf 71' lang='lat' dir='ltr'><strong>etiam</strong></span> <span class='ocrx_word' id='word_1_106' title='bbox 926 3429 949 3475; x_wconf 81' lang='lat' dir='ltr'>in</span> <span class='ocrx_word' id='word_1_107' title='bbox 977 3427 1069 3477; x_wconf 87' lang='lat' dir='ltr'><strong>codice</strong></span> <span class='ocrx_word' id='word_1_108' title='bbox 1099 3428 1270 3479; x_wconf 64' lang='lat' dir='ltr'><strong>Bibliotheca</strong></span> 
     </span>
     <span class='ocr_line' id='line_1_16' title="bbox 416 3508 1269 3570; baseline 0.001 -13"><span class='ocrx_word' id='word_1_109' title='bbox 416 3508 527 3570; x_wconf 70' lang='lat' dir='ltr'>Capituli</span> <span class='ocrx_word' id='word_1_110' title='bbox 542 3509 707 3567; x_wconf 83' lang='lat' dir='ltr'>Veronensis,</span> <span class='ocrx_word' id='word_1_111' title='bbox 719 3508 742 3556; x_wconf 90' lang='lat' dir='ltr'>in</span> <span class='ocrx_word' id='word_1_112' title='bbox 759 3521 814 3568; x_wconf 89' lang='lat' dir='ltr'>quo</span> <span class='ocrx_word' id='word_1_113' title='bbox 832 3515 916 3555; x_wconf 76' lang='lat' dir='ltr'>tamen</span> <span class='ocrx_word' id='word_1_114' title='bbox 936 3508 986 3555; x_wconf 81' lang='lat' dir='ltr'>hoc</span> <span class='ocrx_word' id='word_1_115' title='bbox 1001 3516 1027 3556; x_wconf 77' lang='lat' dir='ltr'>et</span> <span class='ocrx_word' id='word_1_116' title='bbox 1039 3521 1152 3570; x_wconf 83' lang='lat' dir='ltr'>sequens</span> <span class='ocrx_word' id='word_1_117' title='bbox 1163 3521 1269 3558; x_wconf 72' lang='lat' dir='ltr'>carmen</span> 
     </span>
     <span class='ocr_line' id='line_1_17' title="bbox 414 3588 1268 3651; baseline 0.002 -14"><span class='ocrx_word' id='word_1_118' title='bbox 414 3588 447 3637; x_wconf 72' lang='lat' dir='ltr'>ab</span> <span class='ocrx_word' id='word_1_119' title='bbox 456 3588 504 3638; x_wconf 70' lang='lat' dir='ltr'>ulia</span> <span class='ocrx_word' id='word_1_120' title='bbox 512 3602 585 3637; x_wconf 76' lang='lat' dir='ltr'><strong>nunu</strong></span> <span class='ocrx_word' id='word_1_121' title='bbox 593 3601 669 3649; x_wconf 78' lang='lat' dir='ltr'>qum</span> <span class='ocrx_word' id='word_1_122' title='bbox 678 3588 722 3650; x_wconf 85' lang='lat' dir='ltr'>qui</span> <span class='ocrx_word' id='word_1_123' title='bbox 732 3588 858 3651; x_wconf 65' lang='lat' dir='ltr'><strong>precedit</strong></span> <span class='ocrx_word' id='word_1_124' title='bbox 868 3589 947 3638; x_wconf 78' lang='lat' dir='ltr'>Liber</span> <span class='ocrx_word' id='word_1_125' title='bbox 956 3589 1268 3639; x_wconf 69' lang='lat' dir='ltr'><strong>lwttousenmtumest.</strong></span> 
     </span>
    </p>
   </div>
   <div class='ocr_carea' id='block_1_6' title="bbox 0 0 1414 4680">
    <p class='ocr_par' dir='ltr' id='par_1_6' title="bbox 0 0 1414 4680">
     <span class='ocr_line' id='line_1_18' title="bbox 0 0 1414 4680; baseline 0 0"><span class='ocrx_word' id='word_1_126' title='bbox 0 0 1414 4680; x_wconf 95' lang='lat' dir='ltr'> </span> 
     </span>
    </p>
   </div>
  </div>
 </body>
</html>
