2820 4680
692 608 749 664 40²

295 781 332 838 et
345 762 617 836 Christianorum
628 759 973 858 principesadversus
983 761 1153 846 Turcum‚

296 878 355 974 qui
375 877 607 951 Christianum
626 902 752 949 nomen
770 892 807 949 et
823 874 1053 949 Christianam
1072 873 1154 946 reli-

248 1044 254 1058 .
295 994 434 1091 gionem
461 993 651 1066 conabatur
684 1008 850 1065 evertere.
880 992 974 1091 Quae
1008 987 1151 1086 quidem

295 1107 407 1184 oratio
424 1124 550 1182 tantam
569 1133 641 1205 prae
662 1131 701 1181 se
723 1106 855 1180 serebat
868 1103 1058 1179 doctrinam
1078 1120 1155 1177 tan·

271 1241 438 1319 5tumque
469 1222 613 1296 nitorem
643 1238 680 1295 et
709 1220 955 1319 eloquentiam,
986 1235 1152 1316 quantum

297 1339 373 1438 quis
382 1355 479 1412 certe
488 1336 785 1434 verbisexplicare
794 1352 922 1434 posset.
935 1333 1003 1408 Cui
1013 1333 1154 1407 seminae

298 1473 440 1554 propter
456 1479 532 1528 eam
550 1452 742 1527 doctrinam
760 1470 797 1526 et
813 1450 979 1550 optimum
1010 1448 1152 1524 dicendi

298 1569 437 1644 modum
478 1594 544 1643 non
580 1585 699 1666 posset
737 1566 805 1641 dici
844 1583 1007 1665 quantum
1042 1564 1153 1639 laudis

298 1702 532 1781 quantumque
557 1699 792 1757 ornamentum
812 1680 926 1756 eidem
952 1681 1151 1756 accesserit.

256 1846 285 1881 ιο
300 1801 456 1874 Nicenus
472 1799 599 1873 etenim
618 1798 822 1888 Cardinalis‚
841 1800 990 1870 Graecus
1008 1813 1154 1894 utraque

298 1915 412 2013 lingua
436 1917 612 1989 excellens
638 1931 674 1988 et
700 1914 758 2012 qui
786 1914 818 1987 in
836 1913 958 1987 divinis
987 1911 1153 1986 doctrinis

299 2031 479 2105 maximum
498 2029 600 2104 etiam
621 2055 715 2104 usum
735 2031 895 2112 habebar,
926 2054 969 2102 ea
992 2027 1153 2102 oratione

298 2145 414 2222 audita
429 2146 540 2221 statim
559 2145 707 2245 quadam
725 2145 950 2220 admiratione
976 2160 1153 2242 permotus

299 2279 335 2337 ut
360 2287 476 2336 coram
503 2279 719 2360 agnosceret,
733 2287 835 2361 quam
854 2260 1087 2336 admirabilem
1106 2286 1152 2334 ex

256 2423 281 2475 ,ς
298 2378 430 2452 ratione
448 2376 586 2451 dicendi
618 2395 839 2476 cognoverat,
865 2381 1038 2451 Veronam
1065 2401 1152 2450 con-

299 2492 443 2568 tendere
472 2493 596 2582 voluit;
628 2493 683 2566 vix
710 2493 840 2593 quippe
862 2491 1029 2567 credibile
1055 2491 1153 2566 vide-

299 2610 397 2683 batur
413 2634 549 2684 suorum
564 2627 755 2707 temporum
770 2609 929 2683 seminam
944 2610 1043 2682 ullam
1059 2609 1154 2683 inve·

300 2724 360 2798 niri
375 2749 455 2823 quae
468 2741 561 2799 tanta
573 2723 767 2799 eruditione
780 2742 943 2823 tantaque
952 2724 1154 2822 eloquentia

300 2856 486 2938 praestaret.
507 2843 590 2940 Qua
607 2840 679 2914 visa
695 2857 731 2913 et
747 2838 863 2914 audita
880 2842 1011 2915 celeste
1037 2839 1152 2937 potius

256 3004 286 3040 20
299 2981 400 3054 quam
419 2957 599 3030 humanum
618 2955 744 3030 sactum
771 2954 942 3045 iudicavit,
965 2955 1057 3029 unde
1074 2981 1151 3029 eam

301 3071 333 3143 in
361 3071 441 3169 ipsis
462 3070 638 3145 virtutibus
655 3089 691 3144 et
709 3071 799 3169 ipsas
818 3071 850 3144 in
868 3096 906 3146 se
923 3071 968 3146 ad
994 3096 1151 3168 magnam

300 3184 356 3259 dei
387 3184 523 3260 laudem
541 3186 663 3284 suique
679 3186 945 3262 aedificationem
968 3185 1153 3261 admiratus

299 3318 362 3375 est.
377 3304 469 3376 llaec
487 3304 588 3401 plane
606 3329 674 3377 non
688 3306 797 3378 solum
812 3303 923 3378 studia
936 3303 1153 3379 humanitatis

300 3415 363 3490 sed
381 3434 416 3491 et
434 3418 694 3518 philosophyam
713 3419 824 3519 attigit
840 3444 906 3494 nec
927 3419 1029 3493 etiam
1052 3421 1153 3495 theo-

256 3578 283 3628 ²5
300 3532 403 3631 logiae
412 3559 521 3608 sacrae
532 3534 646 3632 ignara
659 3534 730 3609 suit
746 3535 913 3611 Consecit
930 3536 1017 3610 inter
1033 3552 1153 3612 cetera
