2820 4680
703 536 740 601 72

297 691 459 767 secundis
476 692 612 766 auribus
628 691 755 767 audire.
775 691 833 766 Sic
851 691 916 765 itur
931 691 975 766 ad
985 708 1085 781 astra,
1103 691 1147 766 ad

298 832 378 905 quae
403 831 472 880 non
498 823 551 881 est
577 808 686 881 mollis
704 832 724 880 e
742 806 839 881 terris
855 807 918 880 via.
952 806 1149 882 Modereris

298 922 378 1000 istas
395 940 469 996 tuas
485 922 624 1014 litteras,
651 947 731 1020 quae
748 922 828 996 milti
845 922 1017 997 acutiores
1032 922 1149 1021 gladio

299 1037 405 1112 suere.
420 1040 511 1113 Sana
523 1037 623 1112 bonis
635 1038 758 1126 verbis,
773 1037 800 1111 si
813 1052 926 1134 potes,
941 1037 1006 1111 iam
1020 1062 1146 1135 pro...

272 1154 401 1237 rinfixa
424 1155 565 1227 vulnera
590 1153 705 1243 menti,
729 1152 882 1251 religioni
908 1153 1148 1252 sanctitatique

298 1286 367 1344 tute
380 1267 610 1343 deditissimae.
628 1270 717 1342 Nam
733 1286 769 1341 ut
786 1267 929 1341 comicis
941 1268 1054 1342 verbis
1064 1286 1147 1359 utar,

297 1401 358 1459 tuo
372 1409 517 1459 maerore
539 1408 706 1473 maceror,
720 1408 938 1458 consenesco
952 1401 987 1457 et
1004 1385 1149 1458 tabesco

299 1499 409 1575 miser.
422 1499 532 1601 Quod
545 1525 628 1574 vero
643 1500 731 1598 petis
745 1499 921 1573 consilium
937 1525 1049 1572 meum
1063 1524 1149 1573 con·

298 1633 350 1690 tra
374 1617 606 1706 Clementem,
637 1614 788 1688 convitio
806 1613 1052 1688 decertandum
1080 1641 1148 1688 non

256 1765 285 1802 ιο
293 1756 440 1821 censeo,
472 1755 538 1805 nec
556 1729 666 1804 debes
684 1728 874 1804 maledictis
891 1729 1148 1828 respondendo,

297 1847 392 1945 paria
415 1844 600 1935 audiendo,
627 1843 779 1919 dicendo
797 1860 831 1917 te
850 1844 893 1917 illi
911 1844 1053 1918 similem
1072 1846 1149 1919 red-

298 2100 360 2150 cus
377 2075 456 2150 dici.
477 2079 588 2174 lpsum
607 2077 753 2174 posthac
775 2100 844 2173 ego
862 2100 964 2171 quam
983 2076 1073 2149 sures
1090 2101 1148 2150 au·

299 2191 435 2288 fugiam,
454 2191 616 2288 quoniam
635 2191 679 2263 illi
698 2215 753 2264 me
770 2190 918 2288 pecunia
935 2189 1148 2281 defraudant,

258 2343 282 2394 ις
298 2308 410 2380 bonus
428 2306 491 2381 iste
508 2307 558 2379 vir
569 2306 735 2403 optimum
749 2322 842 2379 tuum
856 2305 901 2380 de
916 2332 970 2380 me
989 2306 1148 2381 iudicium

298 2421 445 2496 variavit.
483 2420 592 2523 Quod
628 2437 663 2494 ut
696 2421 869 2518 antiquum
901 2447 969 2495 non
1000 2423 1150 2496 remittas

299 2562 374 2627 oro,
388 2536 550 2635 quoniam
569 2536 808 2635 reprensiones
827 2553 900 2611 tuas
918 2538 1034 2627 timeo,
1050 2537 1149 2611 salsas

297 2651 503 2750 suspitiones
516 2650 676 2742 formido,
691 2669 751 2726 tuo
764 2651 886 2725 dolore
904 2650 1073 2726 debilitor.
1094 2654 1149 2725 Te

297 2768 459 2858 obsecm,
486 2784 522 2840 ut
547 2783 678 2841 tuarum
703 2765 895 2840 orationum
920 2790 995 2864 spe,
1026 2766 1149 2863 quibus

254 2919 285 2956 ιο
298 2884 399 2957 nullae
424 2882 504 2955 milti
529 2883 680 2956 cariores
697 2899 785 2972 sunt,
816 2881 862 2955 uti
880 2880 983 2955 liceat
1001 2905 1066 2954 nec
1084 2906 1149 2954 sae·

298 2997 374 3096 pius
391 2997 489 3072 irasci
507 2998 601 3089 velis,
619 3023 664 3072 ne
677 3000 751 3072 sola
767 2999 883 3096 plores
899 3020 1003 3094 super
1017 2997 1148 3069 iracun-

297 3111 386 3185 diam
401 3130 510 3202 tuam;
530 3137 607 3187 nam
620 3136 716 3210 saepe
730 3111 867 3184 flumina
876 3135 997 3209 magna
1005 3111 1148 3184 vidimus

298 3225 409 3324 parvis
425 3225 472 3300 de
490 3225 640 3301 lontibus
656 3243 741 3300 orta
760 3227 857 3299 Vale.

344 3409 379 3475 (2)
395 3424 447 3473 qua
462 3411 493 3461 G
526 3410 561 3475 (6)
585 3410 741 3468 deditissimo
758 3411 789 3461 C.
834 3411 883 3474 (ιι.
907 3410 946 3473 22)
962 3411 1002 3459 sol
1021 3412 1109 3472 plures
1126 3425 1146 3460 s.

297 3489 452 3540 incondium
467 3490 497 3540 C.
544 3489 595 3554 (αι)
612 3488 708 3539 flamina
722 3490 753 3539 C.
