2820 4680
540 548 576 627 6³

133 735 201 792 tem
217 743 326 816 usque
336 718 524 816 perductos
534 719 745 793 reviviscere.
762 722 845 794 Hoc
854 723 985 795 Aescu-

132 833 240 931 lupius
257 833 408 932 ingenio,
418 835 488 908 hoc
501 833 559 932 qui
575 837 813 933 Troyanorum
827 851 985 934 tempore

132 949 390 1024 resurrectionis
416 974 522 1024 causa
555 949 657 1025 luisse
685 950 906 1048 perhibentur
935 952 985 1027 usi

132 1064 237 1139 luere.
259 1068 359 1166 Quas
376 1067 424 1140 ob
442 1090 496 1140 res
513 1068 617 1140 multa
633 1066 785 1163 gentium
804 1066 894 1141 milia
911 1067 984 1141 sine

132 1179 276 1254 medicis
298 1180 421 1255 vivunt.
441 1184 471 1253 A
490 1180 657 1255 Romanis
676 1197 754 1278 post
771 1182 985 1256 sexcentesi-
1017 1219 1026 1270 ς

132 1321 222 1369 mum
241 1320 364 1370 annum
382 1297 427 1369 ab
446 1297 529 1370 urbe
547 1296 689 1371 condita
706 1296 838 1395 recepti
858 1296 984 1371 medici

131 1411 278 1486 Catonis
295 1411 499 1486 auctoritate
521 1412 645 1509 repulsi
669 1411 775 1499 luere,
794 1428 830 1486 et
847 1428 986 1508 postea«

132 1552 234 1626 quam
252 1527 466 1624 quorundam
485 1526 624 1602 lascivia
654 1526 788 1600 rediere
810 1527 983 1629 Quiritum

131 1642 325 1740 paucissimi
339 1667 459 1716 eorum
473 1666 583 1740 opera
597 1644 778 1716 utebantur
800 1660 835 1716 et
848 1642 985 1739 sapien·

132 1757 236 1832 tiores
249 1758 444 1855 Aesculapii
459 1760 634 1856 templum,
645 1757 704 1857 qui
718 1758 791 1832 eius
804 1758 884 1832 artis
898 1757 984 1832 deus
1000 1797 1030 1835 to

132 1875 331 1963 habebatur,
349 1891 446 1949 extra
469 1875 587 1948 urbem
614 1874 806 1972 iterumque
833 1872 866 1946 in
894 1873 984 1948 insu·

130 1993 196 2063 lam
214 1990 339 2065 secisse
365 1991 549 2064 traduntur.
582 1990 647 2064 His
672 1990 841 2087 exemplis
871 2006 983 2065 motus

131 2105 297 2195 medicos,
316 2131 460 2203 quorum
479 2131 548 2204 ego
569 2106 738 2180 doctrinae
763 2105 983 2180 similitudine

130 2221 403 2296 familiarissimus
421 2244 506 2309 sum,
533 2221 648 2310 audio,
666 2221 882 2319 excogitatas
899 2246 983 2296 vero

129 2336 402 2434 compositiones
427 2336 578 2411 externis
595 2335 855 2434 peregrinisque
881 2337 983 2410 rebus
999 2375 1025 2425 ις

128 2476 266 2551 semper
282 2451 441 2527 abhorrui
459 2470 495 2525 et
512 2451 702 2526 detestatus
729 2452 785 2525 lui.
814 2454 905 2525 Cum
933 2469 983 2526 ta·

129 2591 207 2641 men
222 2567 278 2641 hic
291 2566 454 2664 plusculis
467 2567 591 2641 diebus
609 2582 752 2665 propter
769 2566 906 2640 dubiam
926 2591 983 2640 va·

127 2681 303 2757 litudinem
322 2683 493 2781 principio
505 2683 673 2757 adventus
691 2683 795 2757 nostri
815 2707 870 2756 me
888 2682 983 2756 domi

127 2798 383 2889 continuissem,
424 2798 586 2873 dolebam
624 2816 661 2873 et
697 2822 791 2896 aegre
830 2797 982 2871 ferebam

127 2913 329 2988 multitudini
340 2915 568 3013 negotiorum,
578 2914 704 3012 quibus
712 2938 782 3012 ego
792 2939 861 2987 non
876 2913 983 2988 modo
996 2957 1028 2992 20

126 3029 310 3127 impeditus
343 3030 406 3105 sed
444 3031 606 3104 obsessus
643 3053 749 3118 eram,
784 3029 983 3104 satisfacere

126 3171 196 3221 non
230 3170 345 3244 posse,
389 3146 505 3220 venire
548 3145 705 3220 medicos
742 3170 862 3243 passus
894 3170 979 3219 sum.

171 3374 206 3437 (r)
234 3375 375 3426 reviviscor
401 3375 431 3425 C.
481 3373 516 3438 (3)
543 3374 695 3438 peribantur
720 3374 750 3424 G
795 3373 830 3437 (ς)
855 3374 924 3424 vlunt
948 3373 979 3425 C.

124 3455 160 3519 (8)
177 3455 264 3506 laslnia
280 3454 311 3505 G
345 3455 395 3518 (ru)
412 3455 542 3519 excogitas
559 3456 589 3506 C
624 3455 676 3520 (16)
692 3454 784 3507 aborul
800 3454 830 3504 C.
857 3453 981 3518 (17lpuu-

123 3537 203 3589 scutis
219 3536 250 3587 C.
284 3534 335 3601 (ιι)
352 3536 492 3588 obscessus
508 3535 539 3587 G
