2820 4680
298 719 390 816 gium
409 743 518 792 rerum
537 735 572 792 te
597 717 775 792 ducerent
795 716 865 792 Sed
891 717 1055 816 quoniam
1070 720 1157 796 'hoc

298 835 386 922 solo,
400 831 463 906 sed
476 849 572 907 certe
588 832 707 931 pandi
726 835 820 907 bono
837 832 987 931 privaris,
1010 833 1158 912 Latinos

298 947 438 1046 quidem
458 973 566 1021 novos
583 950 647 1022 hos
661 947 897 1046 philosophos,
908 966 945 1022 ut
957 951 1062 1046 paulo
1069 965 1156 1028 ante

298 1063 581 1153 commonuimus,
608 1064 710 1138 flocci
745 1062 872 1161 pende,
898 1063 994 1163 quod
1025 1064 1154 1143 faecem

272 1178 470 1276 aquandam
493 1179 722 1277 philosophiae
747 1178 939 1277 degustant,
965 1197 1000 1254 et
1017 1181 1156 1257 Arabes

299 1294 357 1392 qui
376 1294 483 1368 ferme
501 1294 545 1369 ad
562 1297 714 1369 Graecos
730 1293 903 1368 accedunt
916 1294 1099 1394 diligenter
1114 1313 1154 1373 et

298 1427 459 1485 accurate
473 1435 631 1509 sequere.
647 1411 806 1484 Averrois
824 1409 975 1507 quidem,
986 1411 1154 1489 barbarus
1177 1398 1180 1405 ¹

298 1542 333 1598 et
351 1526 495 1601 incultus
514 1528 630 1616 homo,
649 1542 802 1600 ceterum
825 1526 1052 1624 philosophus
1077 1527 1154 1602 exi·

299 1641 384 1715 mius
397 1659 433 1715 et
445 1641 621 1740 singularis
634 1667 745 1715 rerum
758 1641 894 1731 arbiter,
908 1643 1014 1716 abste
1028 1642 1155 1742 iugiter

256 1791 285 1826 ιο
297 1773 333 1829 et
350 1756 516 1831 continuo
533 1759 675 1855 legetur,
694 1781 797 1855 quem
824 1757 956 1831 tametsi
975 1757 1007 1830 in
1033 1758 1155 1857 primia

297 1872 503 1946 lectionibus
517 1872 605 1946 forte
625 1871 812 1970 intelligere
830 1871 1042 1970 desperabis,
1051 1874 1080 1949 si
1099 1891 1154 1951 ta·

298 2013 375 2060 men
395 1987 427 2059 in
446 2013 491 2061 eo
508 2012 623 2062 acrem
641 2013 781 2086 operam
808 1987 917 2079 dabis,
936 1987 1071 2063 facilem
1099 1990 1152 2065 in·

187 2112 196 2129 *
297 2102 423 2176 venies.
443 2102 554 2204 Quod
571 2103 597 2176 si
613 2103 811 2178 festinanter
820 2129 985 2202 properas
993 2105 1152 2203 philoso-

297 2219 401 2315 phum
417 2217 617 2317 intelligere,
627 2221 798 2293 Thomam
812 2219 857 2292 de
871 2219 1008 2316 Aquino
1021 2220 1152 2318 saepius

255 2366 280 2418 ις
297 2334 385 2429 lege,
397 2351 433 2406 ut
445 2334 541 2430 quasi
560 2334 840 2409 introductorium
855 2335 1063 2434 intelligendi
1072 2337 1152 2413 An·-

296 2450 456 2522 stotelem
491 2468 526 2523 et
554 2450 731 2525 Averroim
754 2468 903 2549 praestet.
935 2453 1061 2525 Verum
1089 2453 1151 2530 ubi

297 2563 471 2638 modulum
484 2566 765 2640 commentatoris
782 2566 989 2665 degustabis,
1008 2585 1151 2647 ceteros

295 2704 416 2754 omnes
441 2681 580 2756 abicies.
601 2685 827 2784 Quapropter
852 2709 919 2756 non
945 2685 1054 2758 solum
1073 2684 1152 2763 eius

295 2798 578 2873 commentatoria
606 2798 750 2896 eiusque
775 2816 937 2874 tractatus
954 2799 1080 2897 saepius
1096 2801 1150 2878 le·

341 3054 373 3117 (ι.
399 3055 423 3117 ι)
445 3057 503 3105 soto
530 3058 579 3106 noc
608 3057 636 3104 ν.
682 3055 717 3120 (4)
750 3056 807 3106 roci
836 3058 863 3104 ν.
915 3055 950 3121 tr)
976 3064 1081 3108 munte
1111 3058 1146 3112 c

295 3129 330 3200 (9)
353 3134 451 3184 orbitus
476 3134 507 3194 C,
533 3136 640 3186 orbatus
662 3137 689 3184 v.
724 3134 774 3197 (ιο)
801 3144 827 3186 et
844 3144 911 3186 cont.
929 3151 975 3187 ont
998 3138 1025 3185 V.
1060 3139 1148 3205 impri-

295 3213 341 3261 mis
365 3214 395 3263 C
430 3213 479 3278 (ιι)
502 3215 573 3266 sonte
596 3217 626 3266 C.
669 3216 719 3279 (ra)
741 3216 815 3266 facile
842 3219 870 3266 V.
904 3216 954 3281 (ιι)
975 3219 1088 3280 acquiro
1113 3221 1145 3274 C.

294 3295 343 3355 (ις.
365 3292 401 3355 m)
425 3295 580 3344 aristotilem
596 3295 649 3345 CV.
692 3296 742 3360 (ιὸ)
768 3300 880 3346 Averom
898 3298 927 3357 C,
950 3303 1094 3350 Averroem
1115 3303 1145 3352 V.

294 3382 377 3437 patret
395 3374 424 3424 G
459 3374 509 3438 (¹7)
526 3376 652 3426 modulam
665 3376 719 3426 CV.
738 3376 994 3435 commendatoriae.
1029 3379 1148 3443 (lissom-

293 3454 348 3515 nes]
376 3452 424 3503 eis
447 3453 477 3515 C,
503 3453 536 3503 e’e
562 3456 589 3504 V.
624 3456 674 3519 (19)
697 3456 911 3508 commendatoria
927 3458 957 3510 C.
992 3460 1081 3524 legere
1097 3474 1148 3512 aa·

293 3533 351 3600 pius
365 3533 395 3585 C.
