2820 4680
492 610 546 671 ¹47

86 759 183 849 vivae,
210 761 427 860 splendidum
455 780 614 861 tanquam
642 764 837 855 cristallum,
857 791 936 863 pro·

87 875 218 950 cedens
243 876 288 951 de
314 877 399 952 sede
426 877 482 952 dei
510 879 541 951 in
569 879 685 955 medio
711 880 874 955 ecclesiae
900 898 937 955 et

85 1014 130 1064 ex
156 1008 299 1091 utraque
325 1011 421 1092 parte
447 994 520 1070 eius
550 995 675 1093 lignum
694 995 773 1070 vitae
790 994 936 1071 afferens

87 1106 231 1182 fructum
258 1126 415 1207 tempore
441 1135 516 1201 su0‚
543 1111 639 1185 cuius
661 1111 741 1209 ligni
760 1110 842 1185 solia
858 1128 936 1185 sunt

85 1221 129 1296 ad
157 1223 308 1320 gentium
335 1225 524 1300 sanitatem.
555 1225 616 1299 Vir
645 1224 709 1299 iste
739 1225 771 1298 in
803 1228 934 1324 populo
967 1258 977 1309 ς

85 1337 275 1414 mitissimus
292 1341 449 1438 apparuit
465 1358 500 1414 et
518 1340 588 1414 deo
601 1339 747 1415 dilectus
772 1357 808 1414 et
825 1340 934 1415 homi·

85 1452 193 1543 nibus,
224 1479 314 1529 nunc
344 1480 407 1553 pro
437 1457 588 1530 ecclesia
617 1472 736 1530 sancta
764 1479 824 1530 vas
852 1479 933 1530 vere

84 1568 282 1645 admirabile
319 1571 411 1645 omni
441 1589 597 1647 ornatum
627 1569 742 1669 lapide
771 1570 934 1668 precioso

84 1709 172 1783 opus
197 1688 336 1761 excelsi.
366 1690 515 1762 Laetatur
540 1686 691 1761 ecclesia
716 1686 791 1761 talis
815 1686 932 1784 sponsi

84 1805 245 1899 copulata
277 1803 501 1901 amplexibus,
536 1828 609 1901 prae
633 1800 761 1899 gaudio
796 1817 930 1875 cantat:
950 1835 979 1870 ιο

84 1918 154 1991 Sub
180 1919 298 1993 umbra
320 1918 406 1993 illius
425 1943 527 2016 quem
547 1917 785 1992 desiderabam
804 1915 879 1992 sedi
897 1933 933 1991 et

84 2031 211 2108 fructus
236 2034 309 2108 eius
335 2033 444 2107 dulcis
469 2034 593 2131 gutturi
621 2058 719 2122 meo;
751 2034 836 2108 laeva
858 2032 932 2107 eius

82 2150 146 2222 sub
170 2149 285 2248 capite
313 2175 392 2224 meo
430 2166 466 2223 et
491 2149 613 2223 dextra
639 2149 724 2223 illius
757 2151 931 2247 amplexa·

83 2264 171 2339 bitur
196 2291 262 2356 me,
289 2290 370 2339 cum
398 2267 503 2364 ipsam
532 2282 691 2363 tanquam
709 2290 809 2340 verus
826 2290 931 2364 spon·

81 2404 138 2453 sus
163 2397 199 2454 et
217 2407 284 2456 non
303 2379 446 2472 adulter,
465 2398 625 2479 tanquam
643 2405 743 2455 verus
760 2397 878 2478 pastor
895 2398 931 2455 et
947 2417 973 2464 tt

82 2518 150 2568 non
193 2496 422 2570 mercenarius
464 2496 496 2569 in
539 2496 612 2571 sinu
651 2513 710 2571 tuo
744 2497 930 2594 receperis,

80 2610 190 2684 omnis
220 2628 277 2685 tua
305 2614 471 2703 voluntas,
502 2611 612 2685 omnis
642 2611 747 2702 actio,
781 2609 928 2685 studium

81 2723 230 2823 denique
257 2742 292 2799 et
309 2744 453 2801 conatus
470 2726 580 2801 omnis
597 2725 641 2800 ad
659 2724 929 2811 conservandam

80 2841 261 2939 apostolici
279 2843 390 2918 throni
408 2867 601 2940 supremam
616 2841 724 2916 aciem
744 2865 930 2916 conversus

79 2956 121 3030 sit
146 2973 182 3030 et
207 2982 272 3055 pro
297 2982 340 3033 ea
366 2958 492 3032 nedum
510 2976 678 3032 terrenam
696 2956 928 3047 substantiam,
944 2996 976 3032 ιο

79 3071 142 3146 sed
171 3073 316 3148 animam
346 3075 453 3173 ipsam
487 3073 664 3149 effundere
702 3089 839 3171 paratus
872 3072 926 3148 sis.

80 3188 190 3289 Quod
216 3191 355 3289 proprie
382 3190 510 3289 regium
541 3206 605 3279 est,
636 3187 716 3263 divo
746 3204 928 3264 attestante

78 3305 285 3402 Augustino:
308 3308 402 3396 Hoc,
422 3306 540 3404 inquit,
551 3304 594 3380 ad
609 3328 709 3403 reges
723 3304 882 3403 pertinet,
892 3322 929 3379 ut

78 3438 228 3517 paratam
260 3421 471 3520 temporibus
501 3421 569 3496 suis
603 3421 710 3495 velint
742 3420 925 3495 ecclesiam

79 3551 220 3610 matrem
246 3561 352 3629 suam,
370 3537 416 3611 de
434 3562 503 3643 qua
519 3536 736 3647 spiritualiter
753 3537 820 3611 nati
838 3553 925 3612 sunt.
942 3574 970 3626 ις

776 3678 818 3735 ie·
