2820 4680
692 563 752 640 460

297 760 377 834 quae
390 759 446 808 me
460 760 670 833 magnopere
681 734 856 809 delectant
871 760 1026 833 quasque
1042 734 1153 808 liben-

296 851 425 924 tissime
443 852 523 947 lego
540 867 646 948 atque
671 850 828 923 laudibus
854 849 887 924 in
905 853 1035 923 coelum
1064 850 1154 941 sero,

297 964 377 1038 mihi
396 990 464 1039 non
481 981 595 1063 gratas
613 964 849 1063 iucundasque
869 965 984 1056 tuisse,
1004 988 1153 1063 praeser·

296 1081 355 1154 tim
366 1081 435 1154 hoc
444 1079 644 1178 gravissimo
656 1098 762 1178 atque
775 1078 978 1154 difficillimo
992 1095 1154 1177 tempore

270 1197 366 1277 thoe
384 1221 486 1268 unum
505 1212 634 1270 tantum
662 1194 743 1268 mihi
770 1195 906 1269 miserae
930 1194 1087 1269 solatium
1107 1219 1151 1268 ac

297 1310 485 1385 remedium
504 1311 600 1409 quasi
627 1312 742 1386 tabula
769 1329 848 1410 post
875 1310 1083 1408 naufragium
1118 1312 1152 1384 in

297 1445 349 1500 tot
366 1427 468 1501 rebus
484 1426 620 1501 afflictis
638 1426 793 1501 relictum
811 1443 875 1501 est.
903 1429 991 1500 Vale
1008 1444 1045 1499 et
1063 1452 1154 1525 quo-

298 1543 386 1616 niam
417 1541 620 1640 propediem
655 1542 934 1641 appropinquare
967 1541 1152 1617 audiebam

297 1676 390 1731 tuum
408 1657 603 1748 adventum,
621 1658 696 1733 sine
713 1682 819 1743 mora,
833 1658 861 1732 si
875 1682 948 1733 sum
966 1657 1027 1732 tibi
1046 1658 1153 1732 caris-

255 1805 285 1841 to
297 1773 392 1865 sima,
419 1772 711 1872 quemadmodum
733 1792 770 1847 et
790 1798 869 1848 esse
898 1790 934 1847 et
965 1773 1040 1847 iore
1066 1797 1154 1846 con-

299 1887 381 1978 fido,
400 1905 529 1962 matura
553 1887 598 1963 ad
625 1913 688 1963 nos
712 1889 839 1963 venire.
873 1891 1026 1963 Fratrem
1054 1904 1150 1962 tuum

298 2004 398 2077 velim
433 2006 564 2078 salvere
590 2004 717 2078 iubeas.
750 2006 800 2077 Ex
822 2004 1037 2095 Suburban0,
1070 2006 1152 2077 Kal.

301 2118 508 2192 Novembris
524 2122 625 2192 Anno
638 2119 767 2194 Christi
782 2118 917 2218 Optimi
934 2119 1079 2193 Maximi
1099 2121 1152 2192 M.

299 2235 549 2308 CCCCLXII.

346 2462 380 2524 (ι)
397 2464 466 2511 uoeto
482 2461 513 2510 C.
547 2460 582 2525 (3)
598 2462 691 2524 gratias
711 2463 736 2510 s
770 2462 858 2523 tuisse]
873 2461 979 2522 quando
1000 2463 1025 2510 8.
1061 2461 1094 2522 (u.
1116 2464 1157 2525 ιο)

299 2542 445 2589 charissima
459 2541 489 2590 C.
