2820 4680
704 598 741 658 ²4

297 771 366 828 tum
380 753 561 829 coniector
572 779 615 828 ex
634 753 753 827 litteris
771 753 846 842 tuis,
862 754 952 826 illum
971 750 1145 827 iocundis-

296 870 381 943 sime
391 886 437 957 et,
447 885 484 942 ut
496 868 598 957 aiunt,
608 870 776 943 ambabus
793 868 947 943 manibus
964 884 1145 965 susceptu·

298 1008 378 1058 ram.
397 983 482 1058 lnde
499 984 701 1073 factumest,
716 983 793 1073 filia,
812 1009 856 1058 ne
874 1000 969 1057 tanto
987 1000 1145 1081 tempore

297 1102 350 1173 vel
361 1123 498 1197 parvum
508 1099 805 1173 commonitorium
816 1116 943 1173 nostrae
952 1097 1146 1172 dilectionis

256 1244 266 1295 t
300 1214 487 1313 inspexeris
517 1239 631 1312 neque
661 1214 830 1313 potuerim
849 1212 1046 1287 dedicatum
1076 1228 1147 1287 tuae

196 1374 199 1385 ·
298 1328 475 1426 virginitati
517 1329 677 1404 codicem
716 1329 762 1402 de
796 1328 910 1427 primis
943 1343 1146 1425 excerptum

297 1443 430 1519 cedulis
472 1461 741 1543 corruptumque
783 1443 1019 1518 transmittere.
1074 1442 1147 1516 l=lic

297 1560 429 1659 quippe
451 1560 657 1634 notariorum
673 1560 847 1656 penuriam
862 1559 1007 1656 patimur
1019 1573 1055 1632 et
1067 1572 1149 1657 post

297 1675 606 1750 lucubratiunculas
623 1676 761 1749 crebras
779 1699 847 1748 non
867 1675 980 1748 habeo
997 1672 1056 1771 qui
1074 1672 1149 1747 dic·

256 1824 285 1860 ιο
299 1806 368 1865 tata
393 1791 622 1865 conscribant
650 1791 742 1864 Cum
768 1806 881 1864 autem
908 1806 1027 1864 nactus
1049 1788 1150 1864 fuero

299 1906 464 2004 temporis
496 1906 787 2006 opportunitatem
822 1922 926 2004 atque
960 1905 1149 2004 scriptoris,

299 2022 490 2095 accuratius
515 2046 656 2119 operam
682 2021 786 2111 dabo,
814 2045 857 2093 ne
874 2020 978 2117 patris
995 2020 1150 2095 inertiam

300 2160 408 2234 queas
451 2137 569 2235 quavis
602 2138 824 2212 accusatione
860 2154 989 2211 notare.
1026 2138 1150 2238 Quare

300 2269 422 2349 rogato
456 2252 678 2326 immortalem
705 2270 742 2326 et
766 2252 931 2352 optimum
957 2251 1061 2326 deum
1088 2277 1152 2327 no-

257 2401 284 2452 ις
299 2384 416 2458 strum,
428 2368 530 2466 utqui
544 2368 649 2464 cupio
665 2367 745 2443 satis
763 2368 827 2442 tuis
844 2366 1091 2441 honestissimis
1107 2390 1152 2443 ae

300 2482 558 2580 religiosissimis
579 2481 757 2558 desideriis
775 2484 902 2574 lacere,
921 2481 955 2556 id
974 2482 1095 2580 ipsum,
1114 2498 1153 2557 ut

300 2598 412 2689 velim,
438 2623 475 2672 re
498 2598 571 2696 ipsa
588 2597 775 2695 perficiam.
808 2598 942 2672 Interim
961 2596 1099 2673 vindica
1115 2615 1152 2673 te

300 2729 406 2788 totam
441 2713 511 2788 deo
536 2730 572 2787 et
598 2712 782 2788 iocundum
810 2713 841 2786 in
869 2731 926 2788 tua
960 2712 1152 2811 virginitate

299 2827 508 2903 domicilium
550 2852 743 2926 praeparare
786 2828 919 2917 festina,
962 2828 1152 2904 firmissime

258 2942 450 3018 20retinens
490 2961 570 3040 post
607 2943 664 3017 dei
698 2946 826 3018 cultum
870 2942 984 3041 (quem
1029 2945 1152 3020 Graeci

300 3058 514 3133 theosebiam
541 3058 773 3157 appellavere)
799 3059 948 3133 celibatu
979 3076 1153 3157 perpetuo

301 3172 381 3246 nihil
394 3197 472 3247 esse
486 3174 709 3272 praestantius.
727 3174 864 3248 Omitto
878 3176 1027 3249 Graecos
1044 3191 1152 3273 atque

346 3393 381 3456 (2)
391 3392 523 3442 ambarum
540 3393 570 3443 C.
604 3392 639 3457 (a)
655 3394 774 3443 tembore
791 3393 821 3443 t:
856 3392 890 3457 (7)
906 3394 1136 3455 coreptumque(

300 3471 334 3535 (9)
356 3472 449 3522 crebas
473 3471 503 3522 C
538 3474 588 3537 (ιι)
603 3485 685 3534 arque
708 3472 738 3522 G
772 3471 972 3535 (13lQuate0
1007 3472 1104 3535 (πυρα

300 3564 357 3599 cam
372 3550 401 3600 C.
437 3550 486 3615 (19)
503 3552 641 3601 firmissima
657 3552 687 3602 C.
721 3552 771 3616 (ιι)
788 3551 960 3615 perbetuoC.
