2820 4680
842 612 895 676 ³4²

441 767 557 866 primis
574 766 836 843 amantissimam
863 767 911 841 tui
932 766 1103 841 arbitrare.
1133 769 1189 842 Te
1215 793 1296 866 pro-

442 883 537 956 fecto
556 883 658 955 fixum
678 883 710 955 in
729 881 838 956 corde
855 907 952 979 gero,
972 899 1086 956 tecum
1104 883 1194 956 seria
1211 908 1297 957 eon·
1338 973 1348 994 ο

421 998 528 1086 ·sero‚
540 1016 653 1071 tecum
665 998 763 1072 iocos
772 997 903 1086 solit08,
914 1014 950 1070 et
960 1023 1165 1097 quamquam
1175 999 1296 1089 absim,

442 1130 556 1187 tecum
587 1114 664 1187 vivo
694 1131 836 1212 totaque
853 1139 938 1187 sum.
966 1117 1021 1187 Tu
1047 1114 1147 1187 velirn
1177 1114 1223 1188 ad
1241 1140 1298 1189 me

416 1260 425 1311 t
442 1229 582 1318 scribas,
601 1246 709 1303 utrum
730 1245 837 1303 mater
850 1246 886 1303 et
899 1230 1020 1303 fratres
1038 1229 1104 1302 mei
1122 1231 1297 1304 Veronam

443 1345 612 1443 petierint,
627 1370 764 1443 queres
778 1344 1171 1444 periocundissimaerit.
1202 1331 1297 1436 Due,

442 1461 469 1533 si
497 1461 588 1558 potis
605 1477 669 1551 est,
696 1461 740 1534 ad
767 1486 830 1534 nos
860 1461 893 1533 d.
913 1465 990 1533 Ant.
1015 1461 1150 1535 fratrem
1170 1487 1297 1553 meum,

443 1601 546 1673 quem
565 1575 682 1650 videre
696 1575 870 1673 depere0;
891 1576 946 1649 sac
960 1601 1062 1666 nune,
1082 1595 1117 1651 ut
1130 1578 1299 1675 promissa

442 1707 631 1790 appareant
644 1707 710 1765 tua.
727 1691 813 1780 Scis,
833 1690 915 1789 quid
934 1689 1025 1765 dieo.
1047 1693 1128 1766 lube
1142 1692 1219 1766 istie
1232 1695 1299 1767 sal·

400 1831 524 1879 rovere
542 1832 662 1881 omnes
679 1806 810 1880 amieos
829 1824 964 1880 nostros
982 1823 1017 1879 et
1035 1807 1198 1905 imprimis
1212 1833 1299 1882 uxo-

444 1947 514 1996 rem
546 1938 649 2012 tuam,
680 1946 782 2019 qnam
812 1920 930 1995 videre
961 1922 1066 2020 cupio
1092 1923 1139 1996 ob
1170 1923 1297 2021 ingenii

443 2037 643 2111 suavitatem
657 2053 694 2111 et
706 2037 910 2134 elegantiam
929 2037 1158 2135 egregiosque
1173 2064 1298 2128 morea

444 2152 520 2225 illos
549 2149 689 2249 quidem
708 2152 741 2223 in
759 2151 900 2225 muliere
918 2151 1136 2226 admirandos
1149 2169 1184 2226 et
1202 2178 1298 2251 mag-

445 2266 646 2340 nificandos.
682 2267 752 2340 Sed
782 2267 951 2366 perbrevi,
970 2284 1006 2341 ut
1039 2293 1154 2367 spero,
1185 2268 1298 2343 aderit

402 2414 428 2464 ις
444 2399 589 2481 tempus,
608 2382 704 2481 quod
722 2409 785 2458 nos
810 2409 931 2457 omnes
957 2407 1024 2457 una
1047 2384 1182 2457 erimus;
1210 2386 1298 2458 Vale

444 2523 487 2572 ac
514 2496 656 2571 domino
674 2498 768 2571 loani
786 2497 999 2596 dominoque
1017 2500 1147 2573 Iacobo
1166 2501 1298 2598 Lavag-

445 2614 528 2685 nolo
541 2637 596 2686 me
610 2614 655 2710 pl.
670 2612 852 2702 comenda;
867 2616 975 2688 salvas
993 2614 1048 2687 sac
1066 2615 1183 2688 ambas
1200 2640 1299 2689 soro-

446 2752 500 2801 res
527 2751 630 2801 meas.
650 2730 777 2802 Socrus
811 2754 888 2802 mea
921 2747 956 2802 te
986 2747 1090 2827 atque
1121 2728 1297 2804 dominum

445 2843 608 2916 Iacobum
636 2841 883 2942 dominumque
917 2848 1055 2918 Ioanem
1089 2870 1299 2944 sororesque

403 2994 433 3029 ιο
446 2960 577 3032 salvere
595 2958 699 3032 iubet.
715 2961 837 3033 lterum
856 2962 931 3034 vale
950 2959 1058 3034 decus
1077 2979 1238 3034 nostrum.

446 3176 575 3257 nitergo:
590 3175 770 3237 Doctissimo
794 3195 829 3237 ac
850 3176 1033 3238 ornatissimo
1055 3178 1196 3259 compatri
1220 3179 1300 3240 Dar-

590 3274 687 3333 miano
701 3273 739 3334 de
756 3274 857 3353 Burgo
1165 3277 1295 3358 Verone.

493 3486 542 3550 (18)
561 3501 617 3535 mea
635 3488 826 3549 brunoriusque
843 3497 869 3536 te
885 3490 941 3537 ante
953 3501 1010 3538 con.
