2820 4680
849 580 906 661 204

448 755 617 831 credatur.
653 756 793 828 Cuncta
821 755 912 828 enim
943 756 1067 830 veteris
1104 756 1299 830 testamenti

448 875 580 946 Graece
617 870 865 967 Hebraiceque
899 871 1027 969 scripta
1060 872 1232 945 volumina
1266 871 1299 944 in

450 987 605 1061 Latinum
632 986 749 1075 vertit;
780 988 986 1083 Prophetas,
1005 986 1124 1061 lsaiam
1154 987 1300 1078 scilicet,

452 1101 1302 1192 Hieremiam,Ezechielem,Danielem,Xll.Pro-

423 1245 432 1297 ς
450 1218 572 1315 phetas
580 1215 750 1313 exposuit.
764 1218 931 1305 Psalmos,
940 1217 1195 1308 Ecclesiastem,
1206 1219 1302 1291 Can-

450 1332 519 1406 tica
551 1331 710 1430 singulari
744 1332 915 1429 elegantia
949 1333 1124 1430 patefecit.
1162 1335 1302 1407 Novum

450 1473 593 1545 quoque
610 1463 862 1538 testamentum,
880 1448 1039 1545 Apostoli
1056 1449 1230 1546 epistulas,
1249 1451 1304 1522 lo-

451 1563 570 1636 hannis
590 1563 837 1660 Apocalipsim,
855 1562 960 1637 dubia
980 1563 1191 1661 exponendo
1217 1563 1304 1637 dilu-

450 1677 589 1767 cidavit,
606 1678 759 1751 ollicium
790 1677 938 1751 divinum
964 1679 1143 1770 ordinavit,
1161 1680 1304 1753 omelias

410 1821 440 1858 10
451 1794 497 1866 ab
531 1792 688 1890 Origene
722 1791 832 1866 editas
867 1792 898 1864 in
935 1794 1091 1868 Latinum
1125 1795 1302 1868 transtulit.

454 1909 542 1982 Dies
585 1908 664 1980 milri
703 1908 894 1982 delicerent
928 1926 1098 1984 tantorum
1132 1911 1306 1984 volumina

451 2025 614 2097 librorum
632 2026 678 2097 ab
694 2049 740 2098 eo
756 2023 851 2098 edita
862 2050 1074 2100 enumerare.
1090 2029 1173 2101 Hoc
1187 2027 1304 2124 itaque

452 2140 531 2214 vitae
556 2140 739 2230 canicule,
767 2141 832 2214 hac
858 2158 951 2214 tanta
976 2142 1068 2240 digni
1086 2142 1305 2217 sanctissimi-

452 2279 522 2353 que
549 2255 607 2327 viri
635 2255 724 2329 lama
751 2256 919 2354 lactisque
945 2275 1122 2355 permotus
1149 2259 1304 2333 Liberius

411 2396 437 2450 ις
454 2370 609 2468 pontilex
644 2395 723 2444 cum
754 2371 820 2444 iam
845 2396 1020 2470 congruos
1045 2374 1305 2447 ecclesiasticos

452 2484 578 2584 gradus
588 2486 807 2582 suscepisset,
822 2488 1042 2562 Cardinalem
1056 2490 1170 2587 elegit.
1186 2493 1221 2562 ln
1235 2514 1306 2586 qua

453 2599 618 2698 dignitate
647 2602 852 2675 constitutus
877 2627 920 2676 ea
945 2604 1125 2695 modestia,
1152 2606 1306 2678 humani-

454 2733 535 2806 tate,
563 2716 753 2813 prudentia,
772 2718 914 2792 caritate
937 2744 1015 2793 usus
1032 2737 1096 2811 est,
1116 2738 1151 2794 ut
1167 2722 1212 2795 ab
1229 2746 1305 2794 om-

454 2831 552 2904 nibus
569 2855 631 2905 sua
651 2832 754 2906 virtus
771 2850 876 2929 atque
893 2836 1055 2909 sanctitas
1072 2837 1307 2909 celebraretur

501 2998 717 3061 (JJtmnstulitG.
749 2999 884 3062 ysninan.
918 3001 1001 3050 silicet
1019 3002 1052 3061 Β,
1071 3003 1096 3051 8.
1115 3003 1149 3052 G.
1184 3004 1218 3067 (4)
1236 3004 1306 3066 Hye-

455 3078 557 3126 remiam
582 3078 619 3127 Μ.
665 3079 780 3128 Heaech.
799 3081 831 3139 Β,
862 3081 1029 3143 Ezechyeiem
1053 3083 1086 3132 G.
1121 3082 1155 3147 (ς)
1180 3084 1306 3133 Ecclesia·

454 3164 511 3206 sten
523 3157 557 3206 G.
587 3156 621 3219 (6)
634 3160 768 3221 ellegantia
777 3159 809 3220 Β,
844 3163 992 3223 eloquentia
1004 3163 1037 3212 G.
1072 3162 1105 3224 (ό.
1119 3164 1143 3227 7)
1158 3178 1305 3225 novumque

454 3243 513 3285 test.
533 3237 566 3286 G.
607 3237 641 3301 (7)
657 3239 780 3300 epistolas
797 3241 830 3290 G.
873 3242 907 3305 (8)
930 3243 1107 3304 apochalissirn
1125 3245 1158 3292 Β.
1200 3244 1234 3307 (9)
1252 3245 1306 3294 offl-

454 3315 515 3364 tium
531 3315 563 3364 B.
599 3316 649 3380 (ιο)
661 3319 803 3381 origineG.
836 3322 957 3371 vertitG.
983 3322 1306 3387 (rjlcirculoB.(14)l.i-

455 3394 534 3443 berus
546 3396 579 3445 G.
614 3397 664 3460 (ις)
681 3399 795 3460 pontifex
811 3413 857 3448 om.
877 3401 911 3450 G.
945 3403 995 3465 (td)
1013 3403 1037 3450 in
1054 3403 1123 3452 card.
1142 3405 1253 3467 elegitur
1270 3406 1304 3454 G.

454 3473 503 3537 (17.
524 3475 563 3538 18)
581 3477 734 3528 humanitate
757 3493 804 3528 om.
831 3481 864 3530 G.
909 3481 958 3545 (18)
981 3483 1096 3546 cariute]
1118 3486 1250 3534 sanctiute
1270 3486 1304 3535 G.

455 3552 506 3618 (19)
523 3555 602 3604 virtus
617 3556 674 3620 (om.
692 3558 781 3622 atque)
793 3560 915 3610 sanctitus
931 3561 1080 3611 celebratur
1094 3562 1127 3610 Β.
