<?xml version="1.0" encoding="UTF-8"?>
<!DOCTYPE html PUBLIC "-//W3C//DTD XHTML 1.0 Transitional//EN"
    "http://www.w3.org/TR/xhtml1/DTD/xhtml1-transitional.dtd">
<html xmlns="http://www.w3.org/1999/xhtml" xml:lang="en" lang="en">
 <head>
  <title>
</title>
<meta http-equiv="Content-Type" content="text/html;charset=utf-8" />
  <meta name='ocr-system' content='tesseract 3.04.00' />
  <meta name='ocr-capabilities' content='ocr_page ocr_carea ocr_par ocr_line ocrx_word'/>
</head>
<body>
  <div class='ocr_page' id='page_1' title='image "./isotnogarolvero01nogagoog/isotnogarolvero01nogagoog_0237.png"; bbox 0 0 2820 4680; ppageno 0'>
   <div class='ocr_carea' id='block_1_1' title="bbox 895 606 953 667">
    <p class='ocr_par' dir='ltr' id='par_1_1' title="bbox 895 606 953 667">
     <span class='ocr_line' id='line_1_1' title="bbox 895 606 953 667; baseline 0 0"><span class='ocrx_word' id='word_1_1' title='bbox 895 606 953 667; x_wconf 82' lang='lat'><strong>228</strong></span> 
     </span>
    </p>
   </div>
   <div class='ocr_carea' id='block_1_2' title="bbox 456 775 1354 3426">
    <p class='ocr_par' dir='ltr' id='par_1_2' title="bbox 456 775 1354 3426">
     <span class='ocr_line' id='line_1_2' title="bbox 493 775 1349 876; baseline -0.001 -24"><span class='ocrx_word' id='word_1_2' title='bbox 493 778 550 852; x_wconf 91' lang='lat' dir='ltr'><strong>dei</strong></span> <span class='ocrx_word' id='word_1_3' title='bbox 567 803 606 852; x_wconf 93' lang='lat' dir='ltr'><strong>se</strong></span> <span class='ocrx_word' id='word_1_4' title='bbox 623 779 766 852; x_wconf 88' lang='lat' dir='ltr'>similem</span> <span class='ocrx_word' id='word_1_5' title='bbox 786 778 858 851; x_wconf 89' lang='lat' dir='ltr'><strong>lieri</strong></span> <span class='ocrx_word' id='word_1_6' title='bbox 877 778 984 876; x_wconf 85' lang='lat' dir='ltr'><strong>magis</strong></span> <span class='ocrx_word' id='word_1_7' title='bbox 1002 776 1165 865; x_wconf 81' lang='lat' dir='ltr'><strong>credidit,&#39;</strong></span> <span class='ocrx_word' id='word_1_8' title='bbox 1187 776 1284 874; x_wconf 85' lang='lat' dir='ltr'><strong>quod</strong></span> <span class='ocrx_word' id='word_1_9' title='bbox 1303 775 1349 851; x_wconf 87' lang='lat' dir='ltr'><strong>ad</strong></span> 
     </span>
     <span class='ocr_line' id='line_1_3' title="bbox 494 893 1347 992; baseline -0.002 -24"><span class='ocrx_word' id='word_1_10' title='bbox 494 893 632 992; x_wconf 88' lang='lat' dir='ltr'><strong>species</strong></span> <span class='ocrx_word' id='word_1_11' title='bbox 658 893 935 968; x_wconf 84' lang='lat' dir='ltr'><strong>irremissibilium</strong></span> <span class='ocrx_word' id='word_1_12' title='bbox 954 893 1103 991; x_wconf 86' lang='lat' dir='ltr'><strong>pertinet</strong></span> <span class='ocrx_word' id='word_1_13' title='bbox 1120 908 1347 989; x_wconf 86' lang='lat' dir='ltr'><strong>peccatorum</strong></span> 
     </span>
     <span class='ocr_line' id='line_1_4' title="bbox 496 1009 1349 1108; baseline -0.002 -25"><span class='ocrx_word' id='word_1_14' title='bbox 496 1011 529 1083; x_wconf 95' lang='lat' dir='ltr'><strong>in</strong></span> <span class='ocrx_word' id='word_1_15' title='bbox 556 1009 709 1108; x_wconf 90' lang='lat' dir='ltr'><strong>spiritum</strong></span> <span class='ocrx_word' id='word_1_16' title='bbox 737 1025 903 1084; x_wconf 88' lang='lat' dir='ltr'><strong>sanctum.</strong></span> <span class='ocrx_word' id='word_1_17' title='bbox 932 1013 1003 1084; x_wconf 89' lang='lat' dir='ltr'><strong>ls0.</strong></span> <span class='ocrx_word' id='word_1_18' title='bbox 1022 1009 1157 1105; x_wconf 82' lang='lat' dir='ltr'><strong>Accipe</strong></span> <span class='ocrx_word' id='word_1_19' title='bbox 1183 1034 1274 1083; x_wconf 93' lang='lat' dir='ltr'><strong>nunc</strong></span> <span class='ocrx_word' id='word_1_20' title='bbox 1301 1025 1349 1098; x_wconf 87' lang='lat' dir='ltr'><strong>tu,</strong></span> 
     </span>
     <span class='ocr_line' id='line_1_5' title="bbox 495 1124 1351 1223; baseline -0.001 -26"><span class='ocrx_word' id='word_1_21' title='bbox 495 1150 575 1222; x_wconf 85' lang='lat' dir='ltr'><strong>quae</strong></span> <span class='ocrx_word' id='word_1_22' title='bbox 602 1124 814 1221; x_wconf 84' lang='lat' dir='ltr'><strong>pertinacem</strong></span> <span class='ocrx_word' id='word_1_23' title='bbox 840 1126 997 1223; x_wconf 84' lang='lat' dir='ltr'><strong>quemvis</strong></span> <span class='ocrx_word' id='word_1_24' title='bbox 1023 1126 1055 1198; x_wconf 96' lang='lat' dir='ltr'><strong>in</strong></span> <span class='ocrx_word' id='word_1_25' title='bbox 1084 1124 1252 1199; x_wconf 86' lang='lat' dir='ltr'><strong>diversam</strong></span> <span class='ocrx_word' id='word_1_26' title='bbox 1270 1149 1351 1199; x_wconf 93' lang='lat' dir='ltr'><strong>sen-</strong></span> 
     </span>
     <span class='ocr_line' id='line_1_6' title="bbox 470 1239 1354 1338; baseline 0.001 -25"><span class='ocrx_word' id='word_1_27' title='bbox 470 1240 636 1320; x_wconf 67' lang='lat' dir='ltr'><strong>itentiam</strong></span> <span class='ocrx_word' id='word_1_28' title='bbox 663 1240 765 1314; x_wconf 79' lang='lat' dir='ltr'><strong>facile</strong></span> <span class='ocrx_word' id='word_1_29' title='bbox 791 1243 927 1314; x_wconf 84' lang='lat' dir='ltr'><strong>trahere</strong></span> <span class='ocrx_word' id='word_1_30' title='bbox 952 1257 1105 1338; x_wconf 90' lang='lat' dir='ltr'><strong>possunt.</strong></span> <span class='ocrx_word' id='word_1_31' title='bbox 1143 1239 1213 1314; x_wconf 93' lang='lat' dir='ltr'><strong>Ubi</strong></span> <span class='ocrx_word' id='word_1_32' title='bbox 1240 1239 1354 1314; x_wconf 93' lang='lat' dir='ltr'><strong>minor</strong></span> 
     </span>
     <span class='ocr_line' id='line_1_7' title="bbox 494 1355 1352 1453; baseline 0 -24"><span class='ocrx_word' id='word_1_33' title='bbox 494 1378 616 1429; x_wconf 86' lang='lat' dir='ltr'><strong>sensus</strong></span> <span class='ocrx_word' id='word_1_34' title='bbox 641 1355 822 1452; x_wconf 91' lang='lat' dir='ltr'><strong>minorque</strong></span> <span class='ocrx_word' id='word_1_35' title='bbox 848 1356 1051 1445; x_wconf 83' lang='lat' dir='ltr'><strong>constantia,</strong></span> <span class='ocrx_word' id='word_1_36' title='bbox 1075 1355 1121 1428; x_wconf 93' lang='lat' dir='ltr'><strong>ibi</strong></span> <span class='ocrx_word' id='word_1_37' title='bbox 1140 1355 1249 1428; x_wconf 88' lang='lat' dir='ltr'><strong>minus</strong></span> <span class='ocrx_word' id='word_1_38' title='bbox 1266 1379 1352 1453; x_wconf 90' lang='lat' dir='ltr'><strong>pec·</strong></span> 
     </span>
     <span class='ocr_line' id='line_1_8' title="bbox 496 1470 1352 1569; baseline 0.001 -25"><span class='ocrx_word' id='word_1_39' title='bbox 496 1486 630 1558; x_wconf 89' lang='lat' dir='ltr'><strong>catum;</strong></span> <span class='ocrx_word' id='word_1_40' title='bbox 658 1470 739 1545; x_wconf 94' lang='lat' dir='ltr'><strong>illud</strong></span> <span class='ocrx_word' id='word_1_41' title='bbox 756 1470 897 1569; x_wconf 89' lang='lat' dir='ltr'><strong>quidem</strong></span> <span class='ocrx_word' id='word_1_42' title='bbox 916 1472 948 1544; x_wconf 95' lang='lat' dir='ltr'><strong>in</strong></span> <span class='ocrx_word' id='word_1_43' title='bbox 969 1473 1049 1560; x_wconf 83' lang='lat' dir='ltr'><strong>Eva,</strong></span> <span class='ocrx_word' id='word_1_44' title='bbox 1076 1495 1162 1569; x_wconf 84' lang='lat' dir='ltr'><strong>ergo</strong></span> <span class='ocrx_word' id='word_1_45' title='bbox 1180 1471 1289 1545; x_wconf 88' lang='lat' dir='ltr'><strong>minus</strong></span> <span class='ocrx_word' id='word_1_46' title='bbox 1306 1473 1352 1545; x_wconf 86' lang='lat' dir='ltr'><strong>ab</strong></span> 
     </span>
     <span class='ocr_line' id='line_1_9' title="bbox 460 1586 1352 1682; baseline 0 -22"><span class='ocrx_word' id='word_1_47' title='bbox 460 1589 476 1614; x_wconf 80' lang='grc'><strong>’</strong></span> <span class='ocrx_word' id='word_1_48' title='bbox 497 1610 540 1660; x_wconf 89' lang='lat' dir='ltr'><strong>ea</strong></span> <span class='ocrx_word' id='word_1_49' title='bbox 557 1601 750 1682; x_wconf 87' lang='lat' dir='ltr'><strong>peccatum.</strong></span> <span class='ocrx_word' id='word_1_50' title='bbox 773 1586 900 1660; x_wconf 89' lang='lat' dir='ltr'><strong>Mulier</strong></span> <span class='ocrx_word' id='word_1_51' title='bbox 917 1586 949 1659; x_wconf 97' lang='lat' dir='ltr'><strong>in</strong></span> <span class='ocrx_word' id='word_1_52' title='bbox 963 1603 1051 1660; x_wconf 89' lang='lat' dir='ltr'><strong>statu</strong></span> <span class='ocrx_word' id='word_1_53' title='bbox 1066 1586 1275 1661; x_wconf 86' lang='lat' dir='ltr'><strong>innocentiae</strong></span> <span class='ocrx_word' id='word_1_54' title='bbox 1289 1587 1352 1660; x_wconf 88' lang='lat' dir='ltr'><strong>luit</strong></span> 
     </span>
     <span class='ocr_line' id='line_1_10' title="bbox 498 1701 1350 1799; baseline 0.001 -25"><span class='ocrx_word' id='word_1_55' title='bbox 498 1701 733 1798; x_wconf 80' lang='lat' dir='ltr'><strong>imperfectior</strong></span> <span class='ocrx_word' id='word_1_56' title='bbox 753 1701 827 1775; x_wconf 87' lang='lat' dir='ltr'><strong>viro</strong></span> <span class='ocrx_word' id='word_1_57' title='bbox 853 1727 921 1775; x_wconf 92' lang='lat' dir='ltr'><strong>non</strong></span> <span class='ocrx_word' id='word_1_58' title='bbox 949 1701 1057 1776; x_wconf 90' lang='lat' dir='ltr'><strong>modo</strong></span> <span class='ocrx_word' id='word_1_59' title='bbox 1073 1702 1191 1798; x_wconf 89' lang='lat' dir='ltr'><strong>quoad</strong></span> <span class='ocrx_word' id='word_1_60' title='bbox 1209 1726 1350 1799; x_wconf 88' lang='lat' dir='ltr'><strong>corpus,</strong></span> 
     </span>
     <span class='ocr_line' id='line_1_11' title="bbox 456 1817 1350 1915; baseline 0.006 -29"><span class='ocrx_word' id='word_1_61' title='bbox 456 1848 486 1886; x_wconf 82' lang='grc' dir='ltr'><strong>ιο</strong></span> <span class='ocrx_word' id='word_1_62' title='bbox 497 1817 561 1892; x_wconf 88' lang='lat' dir='ltr'><strong>sed</strong></span> <span class='ocrx_word' id='word_1_63' title='bbox 577 1817 679 1891; x_wconf 85' lang='lat' dir='ltr'><strong>etiam</strong></span> <span class='ocrx_word' id='word_1_64' title='bbox 698 1817 816 1915; x_wconf 89' lang='lat' dir='ltr'><strong>quoad</strong></span> <span class='ocrx_word' id='word_1_65' title='bbox 834 1818 992 1906; x_wconf 85' lang='lat' dir='ltr'><strong>animam,</strong></span> <span class='ocrx_word' id='word_1_66' title='bbox 1010 1818 1350 1914; x_wconf 90' lang='lat' dir='ltr'><strong>etquemadmodum</strong></span> 
     </span>
     <span class='ocr_line' id='line_1_12' title="bbox 498 1933 1351 2031; baseline -0.001 -24"><span class='ocrx_word' id='word_1_67' title='bbox 498 1958 519 2007; x_wconf 86' lang='lat' dir='ltr'><strong>a</strong></span> <span class='ocrx_word' id='word_1_68' title='bbox 543 1933 716 2031; x_wconf 84' lang='lat' dir='ltr'><strong>theologis</strong></span> <span class='ocrx_word' id='word_1_69' title='bbox 741 1934 877 2031; x_wconf 90' lang='lat' dir='ltr'><strong>accepi,</strong></span> <span class='ocrx_word' id='word_1_70' title='bbox 913 1933 945 2006; x_wconf 95' lang='lat' dir='ltr'><strong>in</strong></span> <span class='ocrx_word' id='word_1_71' title='bbox 981 1933 1177 2007; x_wconf 92' lang='lat' dir='ltr'><strong>mulieribus</strong></span> <span class='ocrx_word' id='word_1_72' title='bbox 1204 1949 1351 2008; x_wconf 93' lang='lat' dir='ltr'><strong>nonest</strong></span> 
     </span>
     <span class='ocr_line' id='line_1_13' title="bbox 497 2049 1352 2125; baseline 0 -1"><span class='ocrx_word' id='word_1_73' title='bbox 497 2049 672 2124; x_wconf 80' lang='lat' dir='ltr'><strong>sufficiens</strong></span> <span class='ocrx_word' id='word_1_74' title='bbox 697 2050 802 2125; x_wconf 94' lang='lat' dir='ltr'><strong>robur</strong></span> <span class='ocrx_word' id='word_1_75' title='bbox 819 2051 942 2124; x_wconf 93' lang='lat' dir='ltr'><strong>mentis</strong></span> <span class='ocrx_word' id='word_1_76' title='bbox 959 2050 1003 2125; x_wconf 86' lang='lat' dir='ltr'><strong>ad</strong></span> <span class='ocrx_word' id='word_1_77' title='bbox 1021 2050 1246 2124; x_wconf 88' lang='lat' dir='ltr'><strong>resistendum</strong></span> <span class='ocrx_word' id='word_1_78' title='bbox 1264 2075 1352 2125; x_wconf 91' lang='lat' dir='ltr'><strong>con-</strong></span> 
     </span>
     <span class='ocr_line' id='line_1_14' title="bbox 498 2165 1351 2263; baseline -0.001 -23"><span class='ocrx_word' id='word_1_79' title='bbox 498 2166 729 2263; x_wconf 86' lang='lat' dir='ltr'><strong>cupiscentiis.</strong></span> <span class='ocrx_word' id='word_1_80' title='bbox 748 2166 834 2241; x_wconf 91' lang='lat' dir='ltr'><strong>ldeo</strong></span> <span class='ocrx_word' id='word_1_81' title='bbox 843 2169 1006 2242; x_wconf 86' lang='lat' dir='ltr'><strong>Salomon</strong></span> <span class='ocrx_word' id='word_1_82' title='bbox 1016 2168 1080 2242; x_wconf 89' lang='lat' dir='ltr'><strong>ait:</strong></span> <span class='ocrx_word' id='word_1_83' title='bbox 1092 2168 1263 2241; x_wconf 84' lang='lat' dir='ltr'><strong>Mulierem</strong></span> <span class='ocrx_word' id='word_1_84' title='bbox 1279 2165 1351 2263; x_wconf 79' lang='lat' dir='ltr'><strong>for-</strong></span> 
     </span>
     <span class='ocr_line' id='line_1_15' title="bbox 498 2281 1353 2380; baseline 0.001 -25"><span class='ocrx_word' id='word_1_85' title='bbox 498 2290 561 2355; x_wconf 79' lang='lat' dir='ltr'><strong>tem</strong></span> <span class='ocrx_word' id='word_1_86' title='bbox 585 2281 656 2379; x_wconf 85' lang='lat' dir='ltr'><strong>quis</strong></span> <span class='ocrx_word' id='word_1_87' title='bbox 681 2281 838 2356; x_wconf 79' lang='lat' dir='ltr'><strong>inueniet?</strong></span> <span class='ocrx_word' id='word_1_88' title='bbox 864 2283 983 2356; x_wconf 86' lang='lat' dir='ltr'><strong>Procul</strong></span> <span class='ocrx_word' id='word_1_89' title='bbox 997 2291 1029 2356; x_wconf 87' lang='lat' dir='ltr'><strong>el</strong></span> <span class='ocrx_word' id='word_1_90' title='bbox 1044 2282 1086 2356; x_wconf 85' lang='lat' dir='ltr'><strong>de</strong></span> <span class='ocrx_word' id='word_1_91' title='bbox 1102 2283 1218 2357; x_wconf 81' lang='lat' dir='ltr'><strong>ultimis</strong></span> <span class='ocrx_word' id='word_1_92' title='bbox 1232 2283 1353 2380; x_wconf 79' lang='lat' dir='ltr'><strong>finibus</strong></span> 
     </span>
     <span class='ocr_line' id='line_1_16' title="bbox 457 2396 1353 2497; baseline 0.007 -31"><span class='ocrx_word' id='word_1_93' title='bbox 457 2429 482 2481; x_wconf 77' lang='grc' dir='ltr'><strong>ις</strong></span> <span class='ocrx_word' id='word_1_94' title='bbox 494 2397 632 2497; x_wconf 81' lang='lat' dir='ltr'><strong>pretium</strong></span> <span class='ocrx_word' id='word_1_95' title='bbox 656 2396 734 2470; x_wconf 85' lang='lat' dir='ltr'><strong>eius.</strong></span> <span class='ocrx_word' id='word_1_96' title='bbox 760 2398 962 2473; x_wconf 85' lang='lat' dir='ltr'><strong>Aristoteles</strong></span> <span class='ocrx_word' id='word_1_97' title='bbox 987 2398 1090 2473; x_wconf 87' lang='lat' dir='ltr'><strong>etiam</strong></span> <span class='ocrx_word' id='word_1_98' title='bbox 1108 2401 1283 2473; x_wconf 89' lang='lat' dir='ltr'><strong>mulierem</strong></span> <span class='ocrx_word' id='word_1_99' title='bbox 1303 2400 1319 2472; x_wconf 88' lang='lat' dir='ltr'><strong>l</strong></span> <span class='ocrx_word' id='word_1_100' title='bbox 1337 2442 1353 2454; x_wconf 93' lang='lat'><strong>·</strong></span> 
     </span>
     <span class='ocr_line' id='line_1_17' title="bbox 499 2512 1352 2613; baseline 0.001 -25"><span class='ocrx_word' id='word_1_101' title='bbox 499 2513 597 2588; x_wconf 92' lang='lat' dir='ltr'><strong>cilius</strong></span> <span class='ocrx_word' id='word_1_102' title='bbox 622 2512 738 2611; x_wconf 89' lang='lat' dir='ltr'><strong>decipi</strong></span> <span class='ocrx_word' id='word_1_103' title='bbox 763 2538 866 2612; x_wconf 87' lang='lat' dir='ltr'><strong>quam</strong></span> <span class='ocrx_word' id='word_1_104' title='bbox 892 2515 998 2588; x_wconf 89' lang='lat' dir='ltr'><strong>virum</strong></span> <span class='ocrx_word' id='word_1_105' title='bbox 1016 2516 1170 2606; x_wconf 86' lang='lat' dir='ltr'><strong>asseruit,</strong></span> <span class='ocrx_word' id='word_1_106' title='bbox 1188 2515 1285 2613; x_wconf 90' lang='lat' dir='ltr'><strong>quod</strong></span> <span class='ocrx_word' id='word_1_107' title='bbox 1304 2519 1352 2590; x_wconf 93' lang='lat' dir='ltr'><strong>ob</strong></span> 
     </span>
     <span class='ocr_line' id='line_1_18' title="bbox 500 2629 1351 2730; baseline 0.005 -27"><span class='ocrx_word' id='word_1_108' title='bbox 500 2629 728 2703; x_wconf 84' lang='lat' dir='ltr'><strong>infirmitatem</strong></span> <span class='ocrx_word' id='word_1_109' title='bbox 741 2629 903 2704; x_wconf 89' lang='lat' dir='ltr'><strong>accidere</strong></span> <span class='ocrx_word' id='word_1_110' title='bbox 917 2631 1142 2730; x_wconf 83' lang='lat' dir='ltr'><strong>intelligimus.</strong></span> <span class='ocrx_word' id='word_1_111' title='bbox 1163 2634 1205 2705; x_wconf 86' lang='lat' dir='ltr'><strong>Et</strong></span> <span class='ocrx_word' id='word_1_112' title='bbox 1215 2632 1298 2707; x_wconf 88' lang='lat' dir='ltr'><strong>lacit</strong></span> <span class='ocrx_word' id='word_1_113' title='bbox 1306 2633 1351 2707; x_wconf 89' lang='lat' dir='ltr'><strong>ad</strong></span> 
     </span>
     <span class='ocr_line' id='line_1_19' title="bbox 500 2743 1350 2843; baseline 0.005 -24"><span class='ocrx_word' id='word_1_114' title='bbox 500 2748 570 2819; x_wconf 88' lang='lat' dir='ltr'><strong>hoc</strong></span> <span class='ocrx_word' id='word_1_115' title='bbox 587 2744 684 2842; x_wconf 90' lang='lat' dir='ltr'><strong>quod</strong></span> <span class='ocrx_word' id='word_1_116' title='bbox 709 2743 884 2818; x_wconf 77' lang='lat' dir='ltr'><strong>adnotavit</strong></span> <span class='ocrx_word' id='word_1_117' title='bbox 906 2745 1154 2843; x_wconf 86' lang='lat' dir='ltr'><strong>Hippocrates,</strong></span> <span class='ocrx_word' id='word_1_118' title='bbox 1174 2747 1350 2823; x_wconf 89' lang='lat' dir='ltr'><strong>mulierem</strong></span> 
     </span>
     <span class='ocr_line' id='line_1_20' title="bbox 500 2859 1351 2960; baseline 0.001 -25"><span class='ocrx_word' id='word_1_119' title='bbox 500 2859 748 2935; x_wconf 85' lang='lat' dir='ltr'><strong>ambidextram</strong></span> <span class='ocrx_word' id='word_1_120' title='bbox 766 2885 835 2934; x_wconf 93' lang='lat' dir='ltr'><strong>non</strong></span> <span class='ocrx_word' id='word_1_121' title='bbox 853 2883 942 2952; x_wconf 89' lang='lat' dir='ltr'><strong>esse,</strong></span> <span class='ocrx_word' id='word_1_122' title='bbox 960 2861 1057 2959; x_wconf 90' lang='lat' dir='ltr'><strong>quod</strong></span> <span class='ocrx_word' id='word_1_123' title='bbox 1070 2863 1181 2960; x_wconf 84' lang='lat' dir='ltr'><strong>arguit</strong></span> <span class='ocrx_word' id='word_1_124' title='bbox 1198 2879 1351 2936; x_wconf 87' lang='lat' dir='ltr'><strong>naturam</strong></span> 
     </span>
     <span class='ocr_line' id='line_1_21' title="bbox 457 2975 1349 3076; baseline 0.01 -33"><span class='ocrx_word' id='word_1_125' title='bbox 457 3008 489 3044; x_wconf 65' lang='grc' dir='ltr'><strong>ιο</strong></span> <span class='ocrx_word' id='word_1_126' title='bbox 501 2976 534 3050; x_wconf 94' lang='lat' dir='ltr'><strong>in</strong></span> <span class='ocrx_word' id='word_1_127' title='bbox 560 2975 805 3050; x_wconf 89' lang='lat' dir='ltr'><strong>constituendo</strong></span> <span class='ocrx_word' id='word_1_128' title='bbox 829 2978 957 3050; x_wconf 90' lang='lat' dir='ltr'><strong>robore</strong></span> <span class='ocrx_word' id='word_1_129' title='bbox 982 2978 1014 3051; x_wconf 90' lang='lat' dir='ltr'><strong>ei</strong></span> <span class='ocrx_word' id='word_1_130' title='bbox 1033 2978 1226 3075; x_wconf 90' lang='lat' dir='ltr'><strong>parciorem</strong></span> <span class='ocrx_word' id='word_1_131' title='bbox 1244 3003 1349 3076; x_wconf 88' lang='lat' dir='ltr'><strong>quam</strong></span> 
     </span>
     <span class='ocr_line' id='line_1_22' title="bbox 501 3091 1353 3190; baseline 0.004 -26"><span class='ocrx_word' id='word_1_132' title='bbox 501 3092 649 3165; x_wconf 87' lang='lat' dir='ltr'><strong>maribus</strong></span> <span class='ocrx_word' id='word_1_133' title='bbox 667 3091 781 3166; x_wconf 88' lang='lat' dir='ltr'><strong>luisse.</strong></span> <span class='ocrx_word' id='word_1_134' title='bbox 800 3093 929 3190; x_wconf 85' lang='lat' dir='ltr'><strong>Sicque</strong></span> <span class='ocrx_word' id='word_1_135' title='bbox 945 3093 1154 3167; x_wconf 88' lang='lat' dir='ltr'><strong>verissimum</strong></span> <span class='ocrx_word' id='word_1_136' title='bbox 1177 3093 1258 3167; x_wconf 94' lang='lat' dir='ltr'><strong>illud</strong></span> <span class='ocrx_word' id='word_1_137' title='bbox 1276 3096 1353 3168; x_wconf 85' lang='lat' dir='ltr'><strong>Sul-</strong></span> 
     </span>
     <span class='ocr_line' id='line_1_23' title="bbox 501 3207 1352 3307; baseline 0.004 -28"><span class='ocrx_word' id='word_1_138' title='bbox 501 3207 675 3280; x_wconf 89' lang='lat' dir='ltr'><strong>monensis</strong></span> <span class='ocrx_word' id='word_1_139' title='bbox 692 3224 810 3304; x_wconf 84' lang='lat' dir='ltr'><strong>poetae</strong></span> <span class='ocrx_word' id='word_1_140' title='bbox 826 3232 966 3283; x_wconf 90' lang='lat' dir='ltr'><strong>carmen</strong></span> <span class='ocrx_word' id='word_1_141' title='bbox 984 3225 1054 3283; x_wconf 87' lang='lat' dir='ltr'><strong>est:</strong></span> <span class='ocrx_word' id='word_1_142' title='bbox 1076 3211 1123 3282; x_wconf 87' lang='lat' dir='ltr'><strong>Ul</strong></span> <span class='ocrx_word' id='word_1_143' title='bbox 1137 3223 1253 3307; x_wconf 80' lang='lat' dir='ltr'><strong>corpus</strong></span> <span class='ocrx_word' id='word_1_144' title='bbox 1265 3218 1352 3282; x_wconf 83' lang='lat' dir='ltr'><strong>lena·</strong></span> 
     </span>
     <span class='ocr_line' id='line_1_24' title="bbox 501 3321 1352 3426; baseline 0.005 -31"><span class='ocrx_word' id='word_1_145' title='bbox 501 3321 555 3416; x_wconf 84' lang='lat' dir='ltr'><strong>ris,</strong></span> <span class='ocrx_word' id='word_1_146' title='bbox 575 3321 622 3397; x_wconf 82' lang='lat' dir='ltr'><strong>sic</strong></span> <span class='ocrx_word' id='word_1_147' title='bbox 634 3348 724 3397; x_wconf 86' lang='lat' dir='ltr'><strong>mens</strong></span> <span class='ocrx_word' id='word_1_148' title='bbox 736 3323 862 3426; x_wconf 79' lang='lat' dir='ltr'><strong>infirma</strong></span> <span class='ocrx_word' id='word_1_149' title='bbox 867 3324 997 3424; x_wconf 80' lang='lat' dir='ltr'><strong>puellis.</strong></span> <span class='ocrx_word' id='word_1_150' title='bbox 1017 3323 1123 3399; x_wconf 91' lang='lat' dir='ltr'><strong>Unde</strong></span> <span class='ocrx_word' id='word_1_151' title='bbox 1136 3327 1205 3399; x_wconf 92' lang='lat' dir='ltr'><strong>hoc</strong></span> <span class='ocrx_word' id='word_1_152' title='bbox 1218 3349 1352 3422; x_wconf 85' lang='lat' dir='ltr'><strong>cogno-</strong></span> 
     </span>
    </p>
   </div>
   <div class='ocr_carea' id='block_1_3' title="bbox 501 3507 1353 3654">
    <p class='ocr_par' dir='ltr' id='par_1_3' title="bbox 501 3507 1353 3654">
     <span class='ocr_line' id='line_1_25' title="bbox 549 3507 1353 3573; baseline 0.004 -15"><span class='ocrx_word' id='word_1_153' title='bbox 549 3507 598 3572; x_wconf 74' lang='grc' dir='ltr'><strong>(η)</strong></span> <span class='ocrx_word' id='word_1_154' title='bbox 622 3509 657 3558; x_wconf 78' lang='lat' dir='ltr'><strong>ait</strong></span> <span class='ocrx_word' id='word_1_155' title='bbox 681 3509 769 3572; x_wconf 82' lang='lat' dir='ltr'><strong>(Prov.</strong></span> <span class='ocrx_word' id='word_1_156' title='bbox 795 3509 896 3558; x_wconf 79' lang='lat' dir='ltr'><strong>xxxl.</strong></span> <span class='ocrx_word' id='word_1_157' title='bbox 924 3508 979 3572; x_wconf 76' lang='lat' dir='ltr'><strong>rol:</strong></span> <span class='ocrx_word' id='word_1_158' title='bbox 1004 3508 1141 3559; x_wconf 77' lang='lat' dir='ltr'><strong>Mulierem</strong></span> <span class='ocrx_word' id='word_1_159' title='bbox 1164 3521 1184 3559; x_wconf 76' lang='lat' dir='ltr'><strong>c</strong></span> <span class='ocrx_word' id='word_1_160' title='bbox 1233 3508 1284 3573; x_wconf 72' lang='grc' dir='ltr'><strong>(ιι)</strong></span> <span class='ocrx_word' id='word_1_161' title='bbox 1312 3517 1353 3561; x_wconf 74' lang='lat' dir='ltr'><strong>eet</strong></span> 
     </span>
     <span class='ocr_line' id='line_1_26' title="bbox 501 3588 1070 3654; baseline 0.004 -16"><span class='ocrx_word' id='word_1_162' title='bbox 501 3588 592 3654; x_wconf 76' lang='lat' dir='ltr'><strong>(Epist</strong></span> <span class='ocrx_word' id='word_1_163' title='bbox 610 3590 683 3640; x_wconf 81' lang='lat' dir='ltr'><strong>xlx.</strong></span> <span class='ocrx_word' id='word_1_164' title='bbox 701 3601 724 3651; x_wconf 86' lang='lat'><strong>7.</strong></span> <span class='ocrx_word' id='word_1_165' title='bbox 743 3590 817 3640; x_wconf 77' lang='lat' dir='ltr'><strong>Hero</strong></span> <span class='ocrx_word' id='word_1_166' title='bbox 834 3588 980 3654; x_wconf 77' lang='lat' dir='ltr'><strong>Leandrolr</strong></span> <span class='ocrx_word' id='word_1_167' title='bbox 998 3590 1035 3639; x_wconf 84' lang='lat' dir='ltr'><strong>Ut</strong></span> <span class='ocrx_word' id='word_1_168' title='bbox 1049 3601 1070 3640; x_wconf 70' lang='lat' dir='ltr'><strong>r.</strong></span> 
     </span>
    </p>
   </div>
   <div class='ocr_carea' id='block_1_4' title="bbox 0 0 1414 4680">
    <p class='ocr_par' dir='ltr' id='par_1_4' title="bbox 0 0 1414 4680">
     <span class='ocr_line' id='line_1_27' title="bbox 0 0 1414 4680; baseline 0 0"><span class='ocrx_word' id='word_1_169' title='bbox 0 0 1414 4680; x_wconf 95' lang='lat' dir='ltr'><strong> </strong></span> 
     </span>
    </p>
   </div>
  </div>
 </body>
</html>
