2820 4680
657 610 711 678 ¹07

254 767 340 843 sime
365 768 524 859 scribam,
545 769 714 844 neminem
733 794 876 844 vacuum
894 768 1011 844 venire
1029 792 1107 867 per-

256 885 396 975 mittam,
427 901 464 959 et
502 903 633 981 quanto
666 885 851 983 prolixiora
880 902 979 959 erunt
1012 901 1108 959 tanto
1166 963 1169 968 ,

256 999 461 1075 iocundiora
473 1000 602 1098 scripta
615 1018 731 1076 nostra
744 1001 805 1074 tibi
819 1002 911 1076 fient.
930 1000 1108 1076 Gaudebo

255 1140 462 1215 semperque
504 1116 639 1215 gavisus
672 1142 746 1190 sum
780 1117 980 1215 religionem
1015 1133 1107 1191 tuam

256 1256 417 1307 crescere
442 1249 548 1330 atque
574 1249 708 1308 tuorum
730 1232 855 1306 nemini
873 1232 906 1304 in
924 1234 994 1306 hoc
1011 1232 1108 1307 beni-
1139 1260 1149 1315 ς

255 1347 416 1422 volentiae
450 1373 591 1423 munere
617 1347 752 1438 cedam,
783 1348 945 1447 quoniam
980 1347 1108 1423 doctri·

256 1489 333 1539 nam
353 1521 533 1538 .......
553 1481 590 1538 et
605 1464 878 1554 sanctimoniam,
897 1488 999 1561 quam
1018 1463 1107 1537 miri-

256 1581 323 1654 lice
357 1580 574 1671 coniunxisti,
610 1580 752 1654 mirifice
791 1579 908 1678 diligo,
942 1596 979 1653 et
1012 1594 1107 1653 tanto

256 1695 380 1770 ardore
408 1696 596 1771 universam
622 1695 919 1794 generosissimam
947 1694 1106 1769 familiam

255 1829 400 1887 vestram
427 1813 520 1903 colo,
540 1828 576 1886 ut
592 1836 648 1886 me
666 1811 732 1885 iam
751 1837 820 1886 non
838 1827 1016 1885 externum
1034 1810 1151 1884 exi-10

254 1929 391 2003 stimare
409 1927 556 2026 possitis.
585 1931 681 2030 Quae
699 1928 816 2002 omnia
833 1952 912 2002 cum
930 1927 1003 2002 aliis
1022 1928 1106 2001 ube‹.

255 2044 322 2119 rius
348 2061 384 2119 et
410 2043 683 2142 magnificentius
708 2069 810 2142 quam
837 2061 951 2117 tecum
970 2044 1104 2142 loquor.

257 2162 340 2234 Non
367 2186 505 2258 possum
533 2177 647 2234 tamen
674 2159 762 2233 inter
787 2158 1003 2257 quotidianas
1021 2183 1106 2233 con·

255 2275 428 2350 tentiones
440 2293 477 2350 et
493 2275 791 2372 desperatissimos
808 2277 988 2365 clamores,
1006 2274 1105 2350 sicuti

254 2393 360 2466 velles
386 2409 422 2466 et
447 2391 520 2466 fieri
547 2391 680 2466 debere
707 2391 849 2465 mirabili
868 2391 971 2488 copia
988 2389 1106 2465 decla·
1122 2414 1147 2466 ιι

254 2531 308 2582 ras
324 2524 362 2583 et
386 2507 612 2583 subtilissimis
638 2508 825 2583 rationibus
847 2509 987 2607 probas,
1005 2507 1104 2606 sequi

254 2624 476 2698 saluberrima
506 2622 650 2698 consilia
680 2641 748 2715 tua,
780 2623 813 2697 in
843 2623 968 2721 quibus
999 2621 1105 2720 magis

254 2739 393 2814 laudare
417 2764 586 2814 summum
604 2757 697 2813 tuum
717 2739 889 2837 ingenium
906 2755 943 2812 et
959 2737 1106 2837 optima-

254 2879 327 2929 rum
358 2880 469 2930 rerum
499 2854 677 2930 scientiam
708 2878 810 2951 quam
838 2852 958 2935 imitari
984 2876 1103 2951 cogor.

253 2973 350 3046 Vale.
1119 2995 1152 3033 ιο

301 3174 349 3239 (ιο.
369 3175 407 3239 ιι)
424 3174 559 3225 existimari
576 3173 606 3224 c
625 3171 673 3236 (ιι.
686 3172 939 3236 r4lcontemptiones
950 3171 979 3222 C
1014 3170 1064 3235 (ro)
1076 3178 1104 3221 et

253 3269 300 3306 om.
319 3255 349 3306 C.
383 3256 541 3305 sutilllsslmis
559 3254 589 3305 G
