2820 4680
704 650 759 708 340

305 816 338 871 tu
358 798 455 871 buius
473 798 647 872 scribendi
658 799 853 874 certaminis
863 798 989 873 ducem
1007 824 1086 874 esse
1096 801 1158 872 mi-

304 913 395 986 nime
412 913 557 1002 voluisti,
579 913 718 988 decrevi
741 915 835 988 brevi
864 914 908 988 ad
927 932 962 988 te
992 914 1157 1006 scribere,

303 1054 371 1101 non
390 1028 486 1127 quod
505 1029 583 1102 novi
602 1030 775 1128 quicpiam
790 1030 1157 1127 significaremsedne

302 1146 346 1218 ab
368 1143 575 1242 epistolandi
598 1145 717 1219 officio
739 1145 942 1220 abducerer.
970 1148 1097 1220 Saltem
1123 1147 1156 1220 id

276 1298 285 1348 ς
302 1261 425 1358 coligis
439 1286 494 1334 me
507 1263 676 1334 valentem
688 1280 723 1335 et
733 1262 868 1349 sortem,
882 1288 953 1360 quo
971 1287 1033 1360 pro
1052 1281 1110 1337 tua
1124 1264 1156 1336 in

302 1401 357 1449 me
375 1376 532 1473 singulari
550 1394 587 1449 et
604 1402 694 1474 pene
713 1377 876 1475 peculiari
903 1377 1031 1475 pietate
1040 1380 1157 1505 'pcerto

301 1491 377 1565 scio
395 1491 475 1563 nihil
502 1491 561 1563 tibi
588 1492 823 1590 voluptuosius
850 1492 942 1566 afferi
970 1517 1084 1590 posse.
1114 1496 1157 1567 Et

301 1631 506 1704 quamquam
526 1630 581 1679 me
595 1606 773 1703 plurimum
789 1607 848 1680 tibi
863 1625 922 1680 tuo
937 1606 968 1679 in
980 1632 1035 1680 me
1049 1608 1157 1681 bene-

302 1721 383 1795 ficio
401 1720 531 1794 debere
549 1747 687 1819 semper
700 1721 877 1812 edixerim,
893 1723 1027 1796 fatebor
1041 1740 1156 1796 tamen

259 1876 288 1910 ιο
303 1838 448 1934 ingenue
479 1838 651 1911 obnoxam
684 1864 739 1912 me
770 1839 829 1911 tibi
861 1855 896 1913 ut
926 1865 993 1912 non
1025 1840 1155 1936 possim

302 1953 417 2050 magis.
440 1956 529 2026 Nam
548 1978 625 2027 cum
646 1953 836 2028 incredibili
855 1955 1002 2053 quadam
1037 1957 1157 2030 huma·

301 2069 406 2142 nitate
415 2085 520 2167 atque
529 2095 662 2143 summo
671 2086 776 2169 atque
791 2070 905 2159 nimio,
921 2088 956 2144 ut
970 2071 1015 2144 ita
1028 2070 1155 2162 dicam,

301 2210 417 2258 amore
435 2202 495 2258 tuo
514 2184 560 2258 ita
578 2185 642 2259 iam
661 2210 716 2259 me
734 2211 859 2276 amare,
878 2189 996 2260 colere
1021 2203 1057 2260 et
1083 2188 1155 2260 lau·

301 2299 400 2374 dibus
427 2300 589 2398 prosequi
617 2325 727 2398 prope
746 2301 899 2374 maximis
924 2301 1154 2385 constitueris,

258 2453 283 2503 ις
301 2432 336 2489 ut
355 2417 435 2489 nihil
452 2441 473 2490 a
489 2433 524 2489 te
538 2417 790 2513 pretermissum
805 2417 858 2506 sit,
874 2417 954 2516 quin
970 2417 1002 2489 in
1016 2418 1155 2515 amplis·

300 2532 416 2605 simam
452 2531 651 2629 dignitatem
687 2532 829 2606 auxilliis
864 2532 929 2605 tuis
967 2533 1155 2606 constituta

299 2673 423 2738 essem,
451 2665 662 2747 quapropter
688 2649 747 2722 tibi
775 2652 859 2722 tales
893 2648 1009 2722 debeo
1038 2666 1154 2746 grates

300 2766 418 2861 quales
437 2764 625 2861 Exculapio
642 2781 700 2837 aut
717 2764 802 2862 patri
821 2764 894 2837 eius
911 2764 1048 2861 Apolini
1079 2764 1154 2837 exi-

300 2879 427 2952 bebant
457 2903 477 2952 a
503 2879 697 2975 langoribus
723 2877 906 2952 emundati.
936 2878 1034 2980 Quid
1060 2879 1152 2954 enim

255 2992 416 3069 maudire
444 2993 631 3091 potuissem
657 2995 810 3068 amenius
839 3011 897 3067 aut
922 2994 1006 3092 quid
1023 2995 1152 3069 sentire

298 3109 463 3182 salubrius
504 3127 561 3183 aut
599 3109 681 3208 quid
716 3112 832 3207 legere
873 3110 1011 3207 gratius,
1047 3135 1164 3208 quam.

298 3249 449 3298 amorem
459 3242 551 3298 tuum
561 3250 643 3322 erga
652 3251 707 3298 me
715 3242 781 3299 tam
790 3242 909 3323 aperte
918 3242 1150 3322 perspectum,

298 3356 334 3414 ut
351 3365 442 3439 pene
460 3342 570 3416 oculis
588 3340 683 3414 cerni
701 3342 833 3439 possit?
856 3344 939 3442 Qua
956 3340 1096 3439 quidem
1116 3341 1151 3415 in

344 3525 376 3588 (1.
392 3526 417 3590 ι)
443 3527 498 3575 onte
521 3525 621 3574 minime
644 3523 743 3575 delatum
765 3526 800 3576 cst
816 3525 936 3575 nolueris.
970 3522 1021 3588 (ιο)
1038 3523 1087 3590 lage
1103 3524 1151 3576 ob

296 3605 402 3656 noxium.
