2820 4680
813 542 867 604 rou

412 737 496 787 sexu
527 713 635 810 fragili
653 714 892 804 constantiam,
920 716 1102 789 Lacaenam
1128 713 1263 789 scilicet

413 828 601 920 mulierem,
615 855 694 928 quae
711 854 790 904 cum
810 829 911 904 filium
931 829 963 902 in
981 829 1136 928 praelium
1155 829 1261 903 misis-

412 961 465 1018 set
491 943 779 1043 interfectumque
804 944 948 1034 audiret,
975 943 1122 1033 Idcirco,
1142 944 1261 1041 inquit,

410 1084 608 1157 genueram,
632 1076 668 1133 ut
689 1077 781 1134 esset
795 1060 852 1158 qui
867 1084 932 1159 pro
949 1059 1058 1157 patria
1075 1085 1144 1132 non
1162 1059 1262 1134 dubi·

385 1190 499 1261 sturet
540 1176 761 1250 occumbere.
798 1175 997 1251 Corneliam
1033 1191 1260 1250 matronarum

411 1288 531 1380 decus,
574 1316 654 1388 quae
698 1293 835 1363 multum
873 1290 1015 1364 liliorum
1050 1291 1262 1389 eloquentiae

410 1404 597 1479 contulisse
622 1404 758 1495 dicitur,
777 1422 844 1480 tam
864 1405 1009 1479 infauste
1026 1405 1157 1479 amissis
1175 1404 1261 1480 duo

410 1520 474 1594 bus
483 1516 598 1594 liberis
615 1538 711 1594 tanto
727 1519 853 1610 animo,
864 1538 958 1594 tanta
965 1521 1164 1618 eloquentia
1172 1547 1262 1619 prae-

409 1633 499 1725 ditis,
520 1637 718 1734 Nunquam,
737 1636 856 1734 inquit,
870 1635 983 1711 dicam
1002 1662 1057 1710 me
1076 1636 1260 1727 infelicem,

369 1788 397 1824 lo
411 1775 490 1848 quae
507 1752 670 1825 Grachos
687 1751 818 1850 peperi.

457 1868 535 1964 lpsa
564 1892 660 1964 ergo,
691 1891 793 1965 quam
824 1892 893 1940 non
923 1866 1031 1965 pudet
1056 1891 1133 1941 esse
1164 1867 1261 1941 femi·

410 2005 498 2071 nam,
525 1984 651 2080 loquor
676 2000 713 2057 ut
742 1982 868 2058 femina
897 2008 1024 2081 meque
1050 2000 1163 2056 tamen
1186 1985 1261 2082 plu-

409 2096 568 2170 rimorum
611 2097 825 2197 antiquorum
862 2092 1037 2196 gentilium
1080 2116 1116 2172 et
1158 2099 1261 2171 Chri-

407 2212 593 2286 stianorum
631 2214 836 2288 auctoritate
875 2212 1071 2304 defendam,
1107 2215 1171 2288 lios
1196 2240 1260 2312 po

366 2364 391 2415 ις
408 2327 473 2402 tius
507 2329 653 2404 colossis
696 2330 893 2405 marmoreis
927 2354 1029 2427 quam
1065 2329 1259 2404 hominibus

406 2442 653 2536 assimilandos,
672 2469 750 2518 cum
769 2445 933 2543 pietatem
951 2470 972 2518 e
992 2443 1108 2518 medio
1126 2447 1257 2518 tollant.

407 2559 499 2660 Quis
532 2559 623 2633 enim
654 2560 718 2634 erit
748 2578 816 2634 tam
845 2560 966 2658 gloriae
997 2560 1153 2658 cupidus,
1190 2578 1257 2634 tam

406 2675 520 2766 durus,
548 2693 615 2750 tam
644 2676 790 2766 immitis,
818 2693 885 2751 tam
912 2677 1053 2766 ferreus,
1082 2693 1116 2750 ut
1143 2701 1258 2775 neque

406 2791 504 2865 obitu
523 2809 700 2889 parentum
720 2817 834 2890 neque
856 2792 1000 2867 liliorum
1015 2810 1127 2867 morte
1142 2818 1257 2890 neque

362 2943 393 2978 ιο
405 2906 592 2981 amicorum
603 2933 756 2982 moerore
766 2913 962 2983 moveatur?
979 2911 1069 2982 Nam
1080 2909 1256 2983 Christum

405 3037 556 3096 nostrum
589 3022 790 3113 intueantur,
820 3024 934 3099 Lazari
957 3024 1057 3099 amici
1075 3024 1125 3098 sui
1145 3042 1256 3099 morte

404 3139 640 3213 contristatum
667 3139 825 3214 lacrimas
856 3140 993 3215 fudisse.
1018 3142 1127 3214 Teste
1147 3142 1256 3214 Evan-

403 3253 508 3351 geli0,
528 3271 564 3328 ut
589 3253 674 3328 vidit
692 3255 837 3330 Mariam
856 3258 1047 3355 plorantem
1066 3273 1102 3329 et
1119 3254 1256 3331 ludaeos

403 3368 461 3466 qui
491 3385 655 3443 venerant
684 3393 763 3444 cum
794 3394 837 3444 ea
866 3373 1052 3468 plorantes,
1084 3370 1254 3444 infremuit

446 3516 496 3580 (ιο)
514 3516 652 3580 Christum]
667 3526 744 3582 caput
760 3519 790 3569 G
824 3518 874 3582 (υ)
889 3520 1029 3588 Ιιοὴῐγωῑδ
1046 3518 1076 3569 0
