2814 5116
661 979 714 1046 ¹¹9

255 1133 472 1233 interpellare
490 1161 558 1209 non
576 1152 689 1233 potes,
708 1162 751 1210 ne
774 1135 834 1210 tibi
860 1136 989 1236 aliquid
1014 1161 1107 1212 ame

255 1266 416 1348 negatum
442 1251 624 1343 arbitreris,
644 1251 740 1349 quod
766 1252 888 1327 merito
914 1277 1108 1351 exposcere

254 1366 418 1463 potueris,
454 1366 512 1464 qui
542 1367 658 1441 omnia
684 1384 798 1442 nostra
828 1367 1006 1442 virtutibus
1044 1370 1108 1444 tuis

254 1482 393 1556 summis
410 1498 486 1557 toto
504 1482 613 1556 corde
631 1482 800 1558 dedicavi.
833 1483 913 1558 Vidi
931 1501 1108 1582 postremo

254 1625 334 1698 quae
343 1599 389 1674 de
398 1600 503 1674 beato
520 1600 727 1674 Hieronimo
739 1601 807 1698 pie,
819 1599 925 1676 docte
939 1619 976 1676 et
988 1619 1109 1678 sancte
1141 1638 1150 1685 ς

254 1715 428 1812 scripsisti.
448 1718 490 1789 Et
507 1733 691 1814 postquam
710 1742 823 1790 meum
838 1717 888 1791 vis
903 1716 1006 1791 fidele
1023 1743 1108 1792 con·

253 1830 362 1905 silium
381 1831 514 1921 ellerre,
525 1849 561 1905 ut
575 1831 671 1906 iubet
685 1849 814 1922 natura,
824 1857 955 1907 censeo
964 1832 1109 1932 virgina-

253 1948 321 2020 lem
335 1946 525 2021 orationem
540 1947 690 2021 maximo
706 1946 894 2044 splendore
912 1947 1107 2023 illustratam

253 2087 319 2161 pro
336 2063 465 2162 virgine
480 2063 538 2137 illo
557 2063 686 2161 ubique
705 2121 712 2135 .
733 2121 740 2135 .
762 2121 769 2136 .
798 2063 937 2155 editam,
964 2062 1011 2139 de
1036 2090 1108 2165 quo

252 2202 385 2253 summa
401 2204 479 2253 cum
497 2180 607 2278 gloria
625 2179 790 2278 scriptum
808 2195 872 2271 est,
899 2181 1026 2254 nullum
1044 2181 1107 2255 ho·
1124 2216 1153 2252 ιο

254 2295 380 2369 minum
402 2295 544 2371 scivisse
570 2321 650 2394 quae
679 2294 902 2370 Hieronimus
929 2295 1106 2394 ignoravit,

253 2409 349 2509 quod
367 2411 425 2509 qui
441 2437 509 2486 non
523 2410 687 2502 laudabit,
701 2436 739 2485 se
758 2410 918 2502 invidum,
933 2409 1106 2486 inimicum

253 2544 311 2600 aut
328 2551 438 2600 rerum
456 2526 607 2600 omnium
627 2527 779 2624 ignarum
798 2527 944 2601 fateatur
961 2551 1107 2602 necesse

253 2659 315 2715 est.
337 2644 411 2741 Ego
429 2641 519 2716 enim
537 2645 607 2716 hoc
626 2659 661 2716 te
678 2659 775 2716 certe
799 2641 889 2717 scire
915 2644 1007 2734 volu,
1035 2645 1107 2716 nul-

253 2759 322 2830 lum
341 2756 415 2832 sore
432 2759 487 2831 vel
507 2755 669 2831 iudicium
688 2782 802 2831 meum
821 2757 853 2829 in
876 2758 945 2831 hoc
962 2756 1148 2844 demon-15

252 2872 392 2947 strativo
409 2897 550 2971 genere,
570 2873 602 2945 in
621 2898 693 2972 quo
711 2898 779 2947 non
799 2872 932 2946 inficior
949 2898 1005 2946 me
1022 2897 1106 2971 pau-

253 2990 356 3062 lulum
374 3013 452 3064 esse
469 3006 651 3081 versatum,
673 2991 728 3063 vel
755 2988 860 3063 nimio
886 2987 1054 3064 laudantis
1071 3007 1107 3064 et

253 3103 379 3178 laudati
398 3128 516 3178 amore
543 3103 700 3195 insanire,
722 3105 776 3176 vel
803 3102 883 3176 nihil
909 3127 971 3200 par
987 3120 1046 3177 aut
1061 3103 1106 3177 si·

254 3218 333 3294 mile
358 3218 505 3294 orationi
532 3236 600 3294 tuae
625 3217 788 3309 invenire,
807 3243 885 3292 curn
904 3244 973 3293 non
994 3220 1105 3293 solum

252 3335 349 3425 alios,
360 3353 499 3435 utsaepe
509 3334 729 3425 consuevisti,
743 3332 806 3409 sed
818 3351 852 3408 te
866 3334 973 3432 ipsam
987 3357 1104 3411 corant
1121 3375 1151 3410 ιο

253 3449 479 3527 devotissimo
496 3450 554 3524 illo
572 3467 680 3548 patre,
691 3449 788 3524 cuius
802 3474 928 3525 nomen
941 3449 1031 3525 scire
1044 3473 1105 3523 cu·

252 3567 324 3665 pio,
343 3565 476 3641 viceris.
495 3568 591 3641 Vale.

299 3769 332 3833 (6.
359 3770 383 3832 7)
405 3769 421 3818 l.
450 3768 598 3820 conscilium
622 3768 688 3817 etler
719 3776 746 3817 ut
778 3766 849 3815 iubet
877 3767 910 3815 ni
934 3778 1048 3816 censceo
1072 3766 1102 3816 0

252 3849 303 3915 (¹9)
320 3849 410 3898 rationi
428 3848 458 3900 0
