2820 4680
482 890 663 963 LXXXV.

237 1134 383 1196 (molonga,
408 1134 451 1183 die
474 1134 534 1182 XX.
560 1136 654 1184 mensis
679 1137 763 1186 Martii
779 1152 802 1186 a.
824 1140 902 1201 1466.)

283 1345 426 1396 Fremitum
434 1347 528 1404 aarum
541 1347 563 1396 a·
570 1349 688 1411 promum
698 1349 858 1399 ammaum.

184 1586 365 1660 Ludovicus
390 1591 592 1662 mutaremus
608 1592 707 1663 lsotoe
724 1590 902 1689 Nogarolae
918 1593 950 1664 S.

321 1921 418 1971 otao
436 1914 470 1971 te
493 1898 661 1972 stomachi
674 1916 710 1973 et
723 1899 992 1998 corporisdolo·
1024 1941 1033 1991 ς

346 2013 436 2087 ribus
462 2031 616 2088 vexatam
644 2015 695 2088 his
716 2015 842 2090 sanctis
869 2015 991 2090 diebus

345 2130 484 2204 lenitate
502 2129 665 2204 orationis
681 2130 909 2228 acumineque
928 2156 991 2206 nos

143 2246 303 2320 inclinare
336 2245 542 2343 argumentis
583 2244 758 2319 adducere
808 2263 844 2319 et
888 2246 989 2320 animi

141 2379 234 2435 motu
268 2385 398 2457 cogere
431 2360 560 2448 conari,
592 2377 627 2433 ut
660 2385 681 2433 a
722 2360 802 2434 data
834 2361 989 2458 pontifici

141 2474 209 2549 fide
230 2474 419 2564 discedam,
438 2501 541 2572 quem
561 2493 691 2572 quanto
708 2476 860 2573 pluribus
877 2476 990 2550 verbis
1007 2519 1036 2554 ιο

140 2591 275 2666 conaris
300 2594 479 2680 extollere,
507 2607 602 2665 tanto
620 2616 691 2665 rem
710 2590 880 2665 duriorem
899 2590 989 2664 disfi-

139 2706 364 2804 cilioremque
390 2708 510 2780 etficis.
539 2707 573 2780 Si
602 2723 714 2780 tamen
741 2731 889 2804 eaquae
906 2706 987 2779 mihi

141 2845 239 2894 mane
265 2820 458 2895 discedenti
486 2821 639 2919 pollicita
661 2846 710 2910 es,
730 2839 765 2894 te
782 2838 986 2894 servaturam

139 2936 321 3010 certiorem
349 2936 486 3025 reddes,
514 2939 578 3011 hac
605 2939 679 3010 sola
708 2962 771 3034 spe
802 2961 856 3009 me
887 2936 988 3011 facile

138 3052 310 3150 corrumpi
328 3076 431 3150 posse
450 3053 594 3138 fatebor,
613 3051 773 3149 quoniam
792 3049 883 3148 apud
902 3077 988 3149 pon·
1005 3095 1030 3142 ,ς

138 3167 264 3240 tificem
287 3185 322 3241 et
339 3185 477 3241 ceteros
494 3192 626 3256 omnes,
645 3167 769 3264 quibus
786 3191 889 3240 causa
908 3183 988 3242 nota

138 3282 212 3371 erit,
245 3309 298 3356 me
329 3283 460 3357 ueniam
494 3284 747 3381 impetraturum
775 3281 876 3356 facile
900 3282 985 3356 scio.

186 3547 231 3593 Nr.
248 3558 298 3603 312.
333 3546 366 3607 (7)
383 3546 498 3594 acumine
515 3546 556 3594 cui
573 3546 603 3595 C.
637 3544 672 3607 (9)
688 3545 777 3607 pontifi
795 3558 844 3594 suo
860 3545 891 3594 C.
