2820 4680
666 595 695 639 ll

257 768 462 849 exposcunt,
481 744 543 824 nisi
566 767 601 823 ut
622 775 700 824 eum
715 767 810 824 recte
824 750 958 825 vivendi
971 775 1106 825 cursum

258 890 361 963 quem
379 889 400 940 a
418 865 544 939 teneris
562 865 657 939 annis
678 890 717 938 es
741 868 901 963 amplexa
917 865 962 939 ad
980 866 1107 941 exitum

259 1006 367 1079 usque
385 980 632 1079 perbellissime
658 979 774 1055 ducas.
794 983 920 1056 Verum
945 981 972 1055 si
998 981 1109 1057 aridas

259 1097 472 1195 incultusque
502 1096 643 1186 videbis,
680 1096 868 1195 ignoscito;
907 1122 984 1173 eam
1018 1098 1108 1172 eninr

259 1215 327 1287 hoc
341 1213 551 1311 potissimum
562 1231 718 1311 tempore
728 1212 980 1310 philosophiam
994 1214 1109 1312 sequi·
1142 1246 1151 1296 ς

258 1354 341 1419 mur,
360 1355 440 1427 quae
462 1331 587 1403 nullum
613 1329 766 1426 sequitur
791 1328 909 1402 florem
934 1329 1107 1403 orationis.

259 1445 434 1519 Patiantur
458 1444 567 1543 igitur,
594 1469 726 1541 quaeso,
760 1461 829 1518 tuae
858 1442 1109 1519 delicatissime

255 1586 356 1634 aures
380 1560 491 1635 aridas
516 1559 797 1658 quandocunque
823 1559 1025 1633 locutiones.
1053 1562 1107 1633 Tu

256 1676 358 1765 enim,
376 1700 457 1774 quae
478 1675 677 1773 politissima
698 1692 733 1748 et
755 1673 1015 1772 exquisitissima
1035 1691 1109 1749 arte

256 1789 394 1864 dicendi
404 1790 533 1865 edocta
546 1815 585 1864 es
598 1807 734 1865 assueta
744 1790 777 1863 in
791 1789 939 1887 eleganti
952 1789 1108 1865 oratione
1125 1823 1154 1859 ιο

255 1907 491 2003 suavitateque
521 1905 670 1995 dicendi,
699 1922 758 1980 tuo
776 1906 847 1979 iure
874 1905 1108 2003 perornatissi-

256 2048 346 2095 mum
365 2045 559 2119 exposcere
577 2039 679 2119 potes
700 2020 887 2117 eloquium,
905 2038 940 2094 at
965 2045 1029 2093 nos
1054 2044 1108 2094 se-

256 2136 458 2211 nrioratores
492 2137 679 2234 minutique
709 2136 906 2233 philosophi
933 2160 1039 2233 parvo
1072 2153 1109 2209 et

256 2253 314 2325 illo
325 2252 507 2349 ineleganti
518 2277 677 2350 persaepe
687 2252 840 2326 contenti
850 2276 974 2325 sumus.
987 2253 1107 2352 Quare

256 2383 292 2443 et
310 2365 369 2439 tibi
385 2365 525 2464 gaudeo
541 2384 577 2441 et
596 2384 664 2440 tuae
682 2366 791 2440 virtuti
810 2368 1039 2464 congratulor.
1054 2369 1106 2438 An
1125 2400 1149 2450 ις

257 2480 346 2554 sorte
375 2480 559 2555 laetandunr
586 2507 654 2554 non
689 2498 752 2571 est,
779 2480 875 2580 quod
902 2481 988 2553 inter
1017 2504 1108 2555 raras

255 2596 408 2694 quidem,
426 2596 489 2671 sed
507 2601 616 2672 claras
634 2614 730 2671 certe
748 2596 890 2670 feminas
912 2596 1106 2687 nomineris,

255 2736 334 2786 curn
352 2711 465 2809 prisca
482 2729 639 2810 tempora
655 2711 790 2810 gloriari
803 2710 978 2785 videamus
996 2711 1028 2783 in
1046 2713 1108 2785 hu·

257 2826 401 2900 iusnrodi
432 2827 763 2924 praeclarissimarum
799 2826 998 2901 seminarum
1031 2851 1108 2900 eru-

256 2942 407 3017 ditione?
418 2941 844 3032 Etenim‚utdixerint,tam
854 2945 996 3016 Graecae
1005 2967 1107 3039 quam
1123 2978 1154 3014 20

258 3061 429 3130 Romanae
447 3056 583 3132 seminae
608 3083 629 3131 a
655 3057 755 3131 nobis
781 3059 849 3131 hoc
875 3075 1033 3155 tempore
1058 3076 1108 3132 ta·

257 3190 409 3262 ceantur,
429 3200 508 3270 quae
525 3173 702 3273 praecipue
719 3191 797 3248 sunt
814 3174 940 3266 Sibilae‚
954 3175 1107 3273 Aspasia,

302 3393 336 3457 (ι)
362 3401 389 3442 ut
414 3393 460 3442 nisi
487 3395 513 3441 V.
548 3394 583 3457 (ι)
607 3407 685 3456 quent
708 3394 831 3443 atteneris
858 3395 888 3444 C
925 3396 1058 3457 complexa
1079 3396 1106 3444 V.

258 3472 293 3536 (ς)
309 3473 488 3535 perbetissime
505 3473 535 3523 G
570 3473 602 3536 (⁴-
624 3475 645 3535 ς)
663 3487 718 3522 nam
735 3487 791 3522 eam
809 3476 859 3523 hoc
878 3474 906 3522 V.
947 3473 981 3535 (9)
1002 3475 1109 3535 pollitis·

259 3554 319 3600 sima
336 3562 361 3600 et
379 3553 567 3612 exequitisslnta
588 3554 617 3600 V.
650 3552 802 3615 (rolasueta
824 3554 850 3601 V.
886 3554 985 3615 inelleg.
1003 3552 1033 3601 C.
