2820 4680
652 578 706 646 ²³3

256 740 387 814 Durior
412 740 528 838 itaque
555 765 662 838 poena
687 739 775 813 Adae
792 763 895 836 quam
915 740 1007 826 Evae,
1027 763 1105 812 cum

254 856 298 946 ei,
317 873 353 929 ut
370 855 503 945 videtis,
522 882 591 929 non
611 857 691 929 Evae
709 855 838 929 dictum
857 854 917 929 sit:
939 857 978 927 In
993 854 1106 952 pulve-

255 997 320 1044 rem
345 970 517 1063 reverteris,
545 971 642 1069 quod
668 988 812 1044 mortem
840 970 991 1044 ultimum
1010 969 1107 1044 terri·

255 1088 369 1160 bilium
389 1086 527 1178 indicat,
546 1103 649 1184 prout
661 1087 763 1160 etiam
777 1088 962 1160 saeculares
975 1086 1107 1159 iudices

255 1203 288 1274 in
314 1202 508 1300 plectendis
534 1202 600 1275 reis
625 1202 763 1300 capitali
790 1226 898 1299 poena
914 1201 1105 1298 graviorem
1139 1225 1149 1279 ς

255 1343 324 1391 non
342 1317 513 1390 invenere.
544 1319 668 1390 Naue.
688 1318 848 1414 impellor
864 1316 1025 1413 equidem
1045 1315 1108 1389 ista

255 1432 468 1506 saecularium
503 1431 652 1505 iudicum
688 1431 1036 1520 commemoratione,
1071 1447 1107 1503 ut

255 1548 314 1644 qui
341 1548 429 1620 inter
454 1546 579 1621 iudicia
604 1546 740 1620 assidue
766 1571 881 1620 verser
910 1546 1039 1643 aliquid
1060 1546 1107 1620 de

256 1663 447 1737 huiusmodi
479 1663 594 1762 poenis
624 1663 656 1734 in
688 1662 836 1735 medium
862 1661 1045 1751 adducam,
1071 1679 1108 1735 et

255 1779 387 1852 interim
421 1779 666 1852 Protonotario
692 1778 822 1876 magnis
848 1778 971 1852 ictibus
997 1780 1153 1852 laces-10

255 1897 332 1988 sito,
351 1897 432 1970 dum
451 1898 537 1971 iliius
554 1896 745 1970 orationem
764 1913 954 1984 anteverto,
973 1897 1108 1970 dabitur

256 2030 292 2086 ut
320 2012 516 2086 instructior
544 2012 791 2110 progrediatur.
823 2012 1000 2110 Cogitanti
1027 2011 1107 2085 mihi

255 2128 441 2225 aliquando
467 2128 512 2201 de
538 2145 690 2201 veterum
719 2143 897 2226 parentum
924 2126 1040 2224 poenis
1064 2150 1108 2199 ea

256 2268 333 2317 sese
351 2243 475 2317 obtulit
491 2244 671 2335 sententia,
691 2260 727 2316 ut
743 2260 926 2317 statuerem
946 2259 1107 2338 utrasque

256 2361 409 2457 aequales
437 2383 515 2433 esse
546 2358 660 2456 potius
689 2384 792 2456 quam
827 2361 967 2433 alteram
1001 2361 1108 2431 altera
1125 2383 1150 2434 15
1209 2371 1213 2380 '

256 2475 457 2572 graviorem.
479 2474 611 2548 Etenim
631 2491 773 2572 propter
791 2492 974 2571 peccatum
989 2473 1107 2571 privati

256 2608 334 2664 sunt
360 2591 533 2664 beneficio
558 2590 685 2677 divino,
705 2616 776 2687 quo
803 2591 961 2663 humanae
979 2606 1108 2663 naturae

258 2705 432 2803 integritas
458 2705 491 2777 in
509 2705 560 2778 eis
577 2706 855 2792 conservabatur,
873 2705 922 2777 ob
938 2704 1109 2777 eiusdem-

259 2846 329 2917 que
363 2820 632 2895 subtractionem
668 2822 816 2894 humana
841 2817 959 2893 natura
985 2818 1017 2891 in
1051 2843 1109 2892 va-

258 2937 326 3010 rios
352 2937 471 3011 incidit
495 2937 663 3010 desectus.
691 2936 819 3033 Sicque
842 2934 1109 3008 bifariam-suere
1124 2961 1154 2995 ²0

258 3053 375 3151 puniti.
398 3054 514 3126 Primo
532 3077 610 3126 cum
629 3077 649 3125 e
668 3051 817 3125 terrestri
831 3051 991 3150 paradiso
1005 3051 1109 3124 ambo

257 3185 334 3242 sunt
360 3169 462 3242 eiecti
481 3167 551 3265 (qui
570 3170 669 3242 locus
686 3166 868 3264 integritati
887 3183 1017 3240 naturae
1035 3167 1109 3238 ilio-

258 3309 331 3357 rum
349 3282 594 3382 congruebat);
614 3283 696 3356 ideo
709 3282 848 3380 legitur:
867 3282 1023 3356 Etemur't
1037 3307 1109 3355 eum

305 3467 355 3532 (ro)
372 3467 597 3517 subtractationem
613 3468 642 3516 ii.
675 3466 727 3531 (η)
743 3467 837 3530 iegitur
853 3466 930 3530 (Gen.
950 3468 992 3515 ΙΙΙ.
1011 3465 1060 3529 tii·
1079 3467 1109 3514 Et

259 3548 341 3596 emisit
358 3560 417 3597 eum
434 3547 560 3596 Dominus
577 3549 652 3596 Deus
667 3560 687 3596 e.
