2820 4680
566 613 622 674 4¹3

170 790 287 838 amore
310 766 492 863 paruerint,
507 763 603 863 quod
617 766 672 838 illa
690 767 856 840 minorum
875 766 1022 840 maxima

171 879 377 954 dexteritate
395 897 663 978 comparaverat.
696 883 779 955 Non
805 881 895 954 enim
915 881 1022 978 magis

171 995 373 1092 imperando
399 1020 502 1091 quam
528 995 665 1093 agendo
691 1021 752 1070 sua
776 1020 951 1093 quemque
977 994 1022 1069 ad

170 1135 278 1208 opera
287 1111 486 1185 concitabat
495 1129 531 1185 et
539 1109 660 1208 siquid
670 1110 925 1210 expediendum
936 1128 1020 1202 erat,

171 1249 289 1300 manus
305 1227 404 1324 operi
424 1226 532 1324 prima
550 1227 722 1301 inserebat
748 1252 813 1301 nec
832 1228 947 1302 matris
973 1227 1021 1301 la·
1053 1257 1063 1306 s

171 1341 278 1415 milias
295 1341 410 1439 potius
439 1367 540 1439 quam
563 1343 697 1416 ancillae
722 1342 872 1416 ollicium
899 1367 1021 1440 gerere

171 1456 359 1531 videbatur.
398 1460 440 1532 Et
466 1475 563 1533 recte
590 1457 740 1557 quidem.
771 1460 900 1556 Neque
930 1457 1020 1532 enim

170 1572 267 1646 aliter
292 1572 337 1646 ad
355 1597 410 1647 res
434 1572 605 1671 gerendas
631 1573 774 1648 famulos
801 1589 955 1647 matrona
972 1573 1022 1645 in-

171 1688 344 1762 flammare
373 1687 493 1779 debet,
524 1714 626 1786 quam
658 1706 815 1762 strenuus
834 1688 1021 1787 imperator

171 1803 370 1877 exercitum.
394 1804 499 1895 Hinc,
515 1804 664 1902 inquam,
683 1802 844 1893 lacrimae,
864 1803 943 1877 hinc
960 1827 1022 1901 ge·
1038 1835 1067 1870 ιο

172 1920 282 2008 mitus,
308 1919 461 2017 suspiria,
490 1922 656 2017 planctus,
684 1916 779 2017 quod
806 1935 901 1993 tanto
927 1919 1022 1992 bono

172 2052 239 2109 tam
258 2035 352 2108 brevi
371 2035 432 2109 lrui
451 2035 594 2109 licuerit.
608 2037 667 2108 Est
685 2033 825 2134 quidem
844 2033 940 2132 quod
958 2031 1023 2108 do-

172 2154 253 2241 leas,
272 2151 321 2222 vir
337 2150 523 2240 carissime,
547 2149 642 2249 quod
660 2149 803 2248 lugeatis
821 2173 953 2239 omnes,
973 2148 1023 2223 iu-

170 2290 276 2338 venes
289 2266 431 2363 egregii,
441 2264 537 2363 quod
552 2281 680 2340 tantum
690 2264 868 2340 amiseritis
882 2266 1021 2354 bonum,

171 2396 224 2453 est
241 2405 324 2453 vero
342 2379 437 2479 quod
464 2381 690 2455 consolemini
717 2406 785 2455 non
804 2380 924 2468 minus,
942 2404 1021 2453 curn
1038 2413 1064 2461 ις

171 2496 204 2568 ἱη
223 2513 373 2569 mentem
391 2496 485 2571 venit
502 2497 591 2571 illam
610 2512 753 2594 peracto
770 2496 924 2571 laborum
943 2521 1022 2570 suo-

171 2637 243 2684 rum
262 2635 363 2685 cursu
382 2610 426 2686 ad
439 2636 536 2686 suurn
558 2628 751 2686 creatorem
770 2610 905 2686 rediise.
930 2613 1022 2684 Haec

171 2727 261 2800 enim
295 2752 357 2801 sua
387 2727 502 2819 virtus,
541 2728 569 2802 si
595 2727 695 2802 nobis
720 2743 924 2801 ornamento
949 2741 1024 2799 erat

170 2858 275 2939 atque
293 2842 377 2932 usui,
397 2843 453 2917 illa
478 2859 592 2917 tamen
618 2866 695 2917 suas
720 2840 877 2916 actiones
901 2864 1023 2914 omnes

170 2958 214 3031 ad
233 2983 334 3031 unum
353 2958 456 3031 finem
474 2956 631 3048 tetendit,
650 2973 686 3031 ut
703 2982 766 3031 suo
788 2954 926 3030 tandem
945 2979 1022 3028 cre-
1037 2991 1068 3027 ιο

170 3072 257 3147 atori
274 3097 317 3148 ac
334 3071 546 3171 redemptori
564 3074 730 3171 placeret,
749 3070 845 3169 quod
872 3071 918 3145 ita
943 3093 1021 3144 esse

171 3188 283 3263 multis
299 3213 344 3263 ex
361 3191 464 3263 rebus
480 3188 664 3287 percipere
676 3211 866 3287 possumus.
887 3187 1022 3288 Quales

214 3410 249 3474 (1)
265 3409 448 3472 paraverinte
483 3408 761 3471 minorumlomnlum?
794 3407 1017 3471 (aldeterltatec
1100 3463 1101 3468 η

169 3491 204 3554 (3)
221 3504 374 3553 quamquam
385 3488 418 3539 ad
430 3490 460 3540 (ζ
495 3489 529 3554 (4)
546 3491 594 3539 erit
603 3491 633 3539 C.
652 3488 687 3555 (9)
696 3490 870 3539 strennuuse
889 3487 940 3553 (17)
951 3501 1022 3538 crea·

170 3572 264 3634 torem]
281 3571 397 3622 laborem
412 3570 442 3622 0
