2820 4680
768 594 776 606 ·
860 562 914 642 176

460 733 519 805 tibi
554 756 632 806 esse
665 733 819 821 arbitror,
850 732 1011 831 quoniam
1043 756 1110 804 non
1135 754 1245 827 genus
1274 747 1310 803 et

460 847 589 946 proavi,
607 849 760 939 soboles,
786 848 889 922 divini
909 850 1069 937 honores,
1089 845 1308 944 principatus,

460 964 688 1039 membrorum
707 964 849 1062 agilitas,
864 988 919 1038 res
937 963 1073 1037 bellicae
1091 978 1127 1035 et
1145 960 1308 1057 reportati

459 1104 503 1154 ex
530 1081 630 1154 hoste
656 1079 815 1177 triumphi
841 1095 877 1152 et
901 1103 944 1152 ea
973 1102 1054 1176 quoe
1072 1079 1174 1173 vulgo
1192 1075 1308 1150 existi-

434 1213 593 1275 rmantur
634 1196 726 1269 bona
762 1195 929 1293 cuiusque
964 1193 1102 1292 propria
1134 1192 1211 1281 sint,
1246 1191 1308 1265 sed

461 1309 581 1384 timere
602 1310 717 1400 deum,
740 1311 887 1384 animum
901 1308 1051 1398 vincere,
1070 1308 1150 1382 vitia
1166 1331 1310 1405 compe

460 1449 569 1513 scere,
580 1425 756 1500 virtutibus
770 1424 960 1512 intendere,
971 1423 1140 1510 iustitiam,
1150 1438 1310 1496 constan-

460 1540 552 1622 tiam,
579 1540 808 1628 clementiam,
840 1538 1146 1623 mansuetudinem,
1178 1561 1308 1611 morum

460 1680 601 1754 quoque
643 1655 914 1742 sanctimoniam,
957 1653 1036 1727 vitae
1071 1652 1310 1750 integritatem,

418 1805 447 1840 ιο
461 1770 662 1859 bonitatem,
681 1769 959 1858 misericordiam,
979 1769 1142 1866 pietatem
1173 1791 1311 1841 omnes·

460 1912 530 1984 que
547 1886 697 1975 virtutes,
712 1911 792 1983 quae
810 1910 831 1959 a
848 1884 979 1958 ratione
997 1900 1033 1956 et
1051 1882 1170 1957 intimo
1189 1882 1310 1956 mentis

459 2002 564 2077 ductu
580 2001 853 2100 proficiscuntur,
863 2017 899 2075 et
912 2000 1056 2074 adversa
1072 1999 1191 2073 leviter
1210 1999 1308 2086 serre,

459 2117 613 2192 secunda
639 2116 816 2190 moderate
842 2115 984 2204 docent,
1019 2117 1111 2189 bona
1135 2132 1171 2189 et
1198 2130 1312 2188 nostra

460 2256 538 2307 esse
563 2232 719 2307 diximus.
748 2232 808 2306 Eia
826 2232 935 2330 igitur,
955 2231 1089 2305 illustris
1106 2231 1165 2319 vir,
1184 2231 1310 2305 abicia-

419 2382 444 2431 ις
461 2372 535 2422 mus
563 2373 672 2447 opera
702 2350 915 2423 tenebrarum
955 2366 991 2422 et
1017 2347 1194 2421 induamur
1218 2370 1311 2420 arma

461 2464 556 2553 lucis,
583 2465 776 2562 cogitantes
803 2489 866 2538 nos
883 2465 1039 2538 homines
1058 2479 1156 2537 natos
1174 2486 1251 2535 esse
1268 2485 1311 2535 ea

459 2580 672 2670 conditione,
700 2597 734 2655 ut
761 2579 973 2654 moriendum
1000 2580 1053 2669 sit,
1080 2578 1191 2677 etqui
1211 2577 1310 2651 morti

460 2719 650 2794 repugnare
671 2711 825 2784 conatur,
852 2695 977 2770 divinae
1003 2695 1166 2769 voluntati
1199 2695 1311 2768 nititur

461 2836 662 2910 repugnare,
681 2813 735 2886 cui
762 2811 921 2910 refragari
946 2811 1156 2910 impossibile
1174 2826 1226 2884 est
1245 2833 1310 2882 nec

417 2930 548 3003 20velle
573 2929 752 3018 debemus,
779 2928 841 3002 sed
869 2928 983 3026 potius
1012 2952 1089 3002 cum
1118 2928 1222 3000 beato
1249 2928 1310 2999 {ob

459 3044 584 3143 gratias
609 3069 749 3143 agamus
769 3044 840 3118 deo
858 3043 1004 3117 creatori
1024 3057 1151 3129 nostro,
1170 3041 1227 3139 qui
1248 3065 1310 3114 nos

461 3176 605 3258 paterno
626 3159 751 3234 affectu
770 3158 910 3256 corrigit
927 3176 962 3231 et
980 3157 1135 3253 castigat,
1154 3181 1231 3230 cum
1252 3156 1310 3228 iilo

461 3274 636 3349 dicentes:
667 3275 839 3350 Dominus
860 3273 968 3363 dedit,
986 3273 1145 3347 dominus
1161 3272 1308 3360 abstulit,

507 3540 650 3603 (ajdivinre
666 3540 696 3590 C.
730 3538 911 3604 (atbeticaec
945 3538 1136 3602 (tndocetC
