<?xml version="1.0" encoding="UTF-8"?>
<!DOCTYPE html PUBLIC "-//W3C//DTD XHTML 1.0 Transitional//EN"
    "http://www.w3.org/TR/xhtml1/DTD/xhtml1-transitional.dtd">
<html xmlns="http://www.w3.org/1999/xhtml" xml:lang="en" lang="en">
 <head>
  <title>
</title>
<meta http-equiv="Content-Type" content="text/html;charset=utf-8" />
  <meta name='ocr-system' content='tesseract 3.04.00' />
  <meta name='ocr-capabilities' content='ocr_page ocr_carea ocr_par ocr_line ocrx_word'/>
</head>
<body>
  <div class='ocr_page' id='page_1' title='image "./isotnogarolvero01nogagoog/isotnogarolvero01nogagoog_0456.png"; bbox 0 0 2820 4680; ppageno 0'>
   <div class='ocr_carea' id='block_1_1' title="bbox 662 602 721 659">
    <p class='ocr_par' dir='ltr' id='par_1_1' title="bbox 662 602 721 659">
     <span class='ocr_line' id='line_1_1' title="bbox 662 602 721 659; baseline 0.034 -2"><span class='ocrx_word' id='word_1_1' title='bbox 662 602 721 659; x_wconf 80' lang='lat'>449</span> 
     </span>
    </p>
   </div>
   <div class='ocr_carea' id='block_1_2' title="bbox 254 751 1160 3393">
    <p class='ocr_par' dir='ltr' id='par_1_2' title="bbox 254 751 1160 3393">
     <span class='ocr_line' id='line_1_2' title="bbox 265 751 1117 850; baseline 0 -24"><span class='ocrx_word' id='word_1_2' title='bbox 265 751 417 850; x_wconf 91' lang='lat' dir='ltr'>quando,</span> <span class='ocrx_word' id='word_1_3' title='bbox 445 770 479 825; x_wconf 88' lang='lat' dir='ltr'>ut</span> <span class='ocrx_word' id='word_1_4' title='bbox 507 778 575 826; x_wconf 93' lang='lat' dir='ltr'>non</span> <span class='ocrx_word' id='word_1_5' title='bbox 593 768 628 825; x_wconf 90' lang='lat' dir='ltr'>te</span> <span class='ocrx_word' id='word_1_6' title='bbox 655 753 750 850; x_wconf 88' lang='lat' dir='ltr'>sugit,</span> <span class='ocrx_word' id='word_1_7' title='bbox 778 752 869 826; x_wconf 88' lang='lat' dir='ltr'>haud</span> <span class='ocrx_word' id='word_1_8' title='bbox 895 770 949 825; x_wconf 90' lang='lat' dir='ltr'>est</span> <span class='ocrx_word' id='word_1_9' title='bbox 974 753 1117 827; x_wconf 87' lang='lat' dir='ltr'>amantis</span> 
     </span>
     <span class='ocr_line' id='line_1_3' title="bbox 263 865 1117 965; baseline -0.001 -24"><span class='ocrx_word' id='word_1_10' title='bbox 263 868 416 942; x_wconf 84' lang='lat' dir='ltr'>officium</span> <span class='ocrx_word' id='word_1_11' title='bbox 443 866 534 941; x_wconf 91' lang='lat' dir='ltr'>aliud</span> <span class='ocrx_word' id='word_1_12' title='bbox 561 869 713 941; x_wconf 91' lang='lat' dir='ltr'>clausum</span> <span class='ocrx_word' id='word_1_13' title='bbox 743 869 774 938; x_wconf 95' lang='lat' dir='ltr'>in</span> <span class='ocrx_word' id='word_1_14' title='bbox 803 885 947 965; x_wconf 85' lang='lat' dir='ltr'>pectore</span> <span class='ocrx_word' id='word_1_15' title='bbox 974 865 1065 941; x_wconf 92' lang='lat' dir='ltr'>aliud</span> <span class='ocrx_word' id='word_1_16' title='bbox 1085 867 1117 940; x_wconf 90' lang='lat' dir='ltr'>in</span> 
     </span>
     <span class='ocr_line' id='line_1_4' title="bbox 264 982 1119 1081; baseline 0 -25"><span class='ocrx_word' id='word_1_17' title='bbox 264 983 378 1081; x_wconf 83' lang='lat' dir='ltr'>lingua</span> <span class='ocrx_word' id='word_1_18' title='bbox 406 1000 600 1081; x_wconf 90' lang='lat' dir='ltr'>promptum</span> <span class='ocrx_word' id='word_1_19' title='bbox 633 984 771 1072; x_wconf 88' lang='lat' dir='ltr'>habere,</span> <span class='ocrx_word' id='word_1_20' title='bbox 799 1000 835 1056; x_wconf 90' lang='lat' dir='ltr'>ut</span> <span class='ocrx_word' id='word_1_21' title='bbox 859 982 1056 1079; x_wconf 86' lang='lat' dir='ltr'>gravissime</span> <span class='ocrx_word' id='word_1_22' title='bbox 1082 1000 1119 1057; x_wconf 90' lang='lat' dir='ltr'>et</span> 
     </span>
     <span class='ocr_line' id='line_1_5' title="bbox 262 1096 1118 1200; baseline -0.001 -27"><span class='ocrx_word' id='word_1_23' title='bbox 262 1099 515 1197; x_wconf 86' lang='lat' dir='ltr'>elegantissime</span> <span class='ocrx_word' id='word_1_24' title='bbox 526 1098 787 1198; x_wconf 89' lang='lat' dir='ltr'>inquitCrispus</span> <span class='ocrx_word' id='word_1_25' title='bbox 795 1096 1118 1200; x_wconf 80' lang='lat' dir='ltr'>SalustiusQuippe</span> 
     </span>
     <span class='ocr_line' id='line_1_6' title="bbox 263 1212 1159 1313; baseline 0.001 -26"><span class='ocrx_word' id='word_1_26' title='bbox 263 1214 356 1304; x_wconf 90' lang='lat' dir='ltr'>nihil,</span> <span class='ocrx_word' id='word_1_27' title='bbox 368 1231 531 1313; x_wconf 91' lang='lat' dir='ltr'>quantum</span> <span class='ocrx_word' id='word_1_28' title='bbox 544 1214 715 1304; x_wconf 87' lang='lat' dir='ltr'>existimo,</span> <span class='ocrx_word' id='word_1_29' title='bbox 726 1213 918 1288; x_wconf 87' lang='lat' dir='ltr'>esthomini</span> <span class='ocrx_word' id='word_1_30' title='bbox 929 1212 1117 1288; x_wconf 84' lang='lat' dir='ltr'>deformius</span> <span class='ocrx_word' id='word_1_31' title='bbox 1150 1248 1159 1295; x_wconf 77' lang='grc' dir='ltr'><strong>ς</strong></span> 
     </span>
     <span class='ocr_line' id='line_1_7' title="bbox 263 1327 1116 1429; baseline 0.001 -27"><span class='ocrx_word' id='word_1_32' title='bbox 263 1329 440 1429; x_wconf 82' lang='lat' dir='ltr'>praecipue</span> <span class='ocrx_word' id='word_1_33' title='bbox 466 1329 559 1428; x_wconf 90' lang='lat' dir='ltr'>apud</span> <span class='ocrx_word' id='word_1_34' title='bbox 584 1345 632 1418; x_wconf 86' lang='lat' dir='ltr'>te,</span> <span class='ocrx_word' id='word_1_35' title='bbox 659 1356 702 1403; x_wconf 94' lang='lat' dir='ltr'>ne</span> <span class='ocrx_word' id='word_1_36' title='bbox 729 1347 875 1404; x_wconf 87' lang='lat' dir='ltr'>caeteras</span> <span class='ocrx_word' id='word_1_37' title='bbox 893 1327 1012 1403; x_wconf 90' lang='lat' dir='ltr'>laudes</span> <span class='ocrx_word' id='word_1_38' title='bbox 1042 1345 1116 1403; x_wconf 89' lang='lat' dir='ltr'>tuas</span> 
     </span>
     <span class='ocr_line' id='line_1_8' title="bbox 261 1444 1116 1544; baseline -0.001 -24"><span class='ocrx_word' id='word_1_39' title='bbox 261 1446 436 1544; x_wconf 87' lang='lat' dir='ltr'>attingam,</span> <span class='ocrx_word' id='word_1_40' title='bbox 451 1470 621 1520; x_wconf 91' lang='lat' dir='ltr'>consensu</span> <span class='ocrx_word' id='word_1_41' title='bbox 637 1446 805 1519; x_wconf 92' lang='lat' dir='ltr'>bonorum</span> <span class='ocrx_word' id='word_1_42' title='bbox 818 1444 969 1519; x_wconf 91' lang='lat' dir='ltr'>omnium</span> <span class='ocrx_word' id='word_1_43' title='bbox 984 1470 1116 1519; x_wconf 92' lang='lat' dir='ltr'>memo-</span> 
     </span>
     <span class='ocr_line' id='line_1_9' title="bbox 263 1557 1115 1658; baseline -0.001 -25"><span class='ocrx_word' id='word_1_44' title='bbox 263 1586 346 1652; x_wconf 87' lang='lat' dir='ltr'>rem,</span> <span class='ocrx_word' id='word_1_45' title='bbox 371 1577 502 1658; x_wconf 85' lang='lat' dir='ltr'>gratum</span> <span class='ocrx_word' id='word_1_46' title='bbox 529 1576 566 1634; x_wconf 85' lang='lat' dir='ltr'>et</span> <span class='ocrx_word' id='word_1_47' title='bbox 591 1560 718 1634; x_wconf 94' lang='lat' dir='ltr'>bonum</span> <span class='ocrx_word' id='word_1_48' title='bbox 745 1559 863 1652; x_wconf 89' lang='lat' dir='ltr'>virum,</span> <span class='ocrx_word' id='word_1_49' title='bbox 886 1586 957 1658; x_wconf 95' lang='lat' dir='ltr'>quo</span> <span class='ocrx_word' id='word_1_50' title='bbox 974 1557 1115 1658; x_wconf 90' lang='lat' dir='ltr'>quidem</span> 
     </span>
     <span class='ocr_line' id='line_1_10' title="bbox 262 1674 1115 1774; baseline -0.001 -25"><span class='ocrx_word' id='word_1_51' title='bbox 262 1701 366 1750; x_wconf 91' lang='lat' dir='ltr'>nemo</span> <span class='ocrx_word' id='word_1_52' title='bbox 384 1677 456 1750; x_wconf 89' lang='lat' dir='ltr'>iure</span> <span class='ocrx_word' id='word_1_53' title='bbox 474 1676 668 1774; x_wconf 90' lang='lat' dir='ltr'>meritoque</span> <span class='ocrx_word' id='word_1_54' title='bbox 686 1692 740 1750; x_wconf 87' lang='lat' dir='ltr'>est</span> <span class='ocrx_word' id='word_1_55' title='bbox 761 1675 842 1749; x_wconf 86' lang='lat' dir='ltr'>milri</span> <span class='ocrx_word' id='word_1_56' title='bbox 869 1674 982 1749; x_wconf 90' lang='lat' dir='ltr'>carior</span> <span class='ocrx_word' id='word_1_57' title='bbox 1009 1690 1115 1772; x_wconf 86' lang='lat' dir='ltr'>atque</span> 
     </span>
     <span class='ocr_line' id='line_1_11' title="bbox 263 1790 1160 1893; baseline -0.006 -28"><span class='ocrx_word' id='word_1_58' title='bbox 263 1791 451 1866; x_wconf 90' lang='lat' dir='ltr'>iucundior.</span> <span class='ocrx_word' id='word_1_59' title='bbox 485 1794 569 1893; x_wconf 88' lang='lat' dir='ltr'>Qua</span> <span class='ocrx_word' id='word_1_60' title='bbox 586 1790 619 1864; x_wconf 93' lang='lat' dir='ltr'>in</span> <span class='ocrx_word' id='word_1_61' title='bbox 638 1790 814 1890; x_wconf 90' lang='lat' dir='ltr'>opinione,</span> <span class='ocrx_word' id='word_1_62' title='bbox 841 1792 1016 1865; x_wconf 90' lang='lat' dir='ltr'>voluntate</span> <span class='ocrx_word' id='word_1_63' title='bbox 1037 1816 1160 1865; x_wconf 86' lang='lat' dir='ltr'>sen-10</span> 
     </span>
     <span class='ocr_line' id='line_1_12' title="bbox 261 1906 1114 2006; baseline 0 -26"><span class='ocrx_word' id='word_1_64' title='bbox 261 1906 437 2006; x_wconf 89' lang='lat' dir='ltr'>tentiaque</span> <span class='ocrx_word' id='word_1_65' title='bbox 471 1932 610 2004; x_wconf 85' lang='lat' dir='ltr'><strong>semper</strong></span> <span class='ocrx_word' id='word_1_66' title='bbox 643 1932 705 1980; x_wconf 93' lang='lat' dir='ltr'>ero</span> <span class='ocrx_word' id='word_1_67' title='bbox 735 1932 850 2005; x_wconf 91' lang='lat' dir='ltr'>neque</span> <span class='ocrx_word' id='word_1_68' title='bbox 876 1932 932 1980; x_wconf 92' lang='lat' dir='ltr'>me</span> <span class='ocrx_word' id='word_1_69' title='bbox 957 1907 1114 1980; x_wconf 82' lang='lat' dir='ltr'><strong>auferent</strong></span> 
     </span>
     <span class='ocr_line' id='line_1_13' title="bbox 259 2022 1113 2121; baseline 0.001 -25"><span class='ocrx_word' id='word_1_70' title='bbox 259 2022 401 2097; x_wconf 90' lang='lat' dir='ltr'>aliorum</span> <span class='ocrx_word' id='word_1_71' title='bbox 421 2048 523 2121; x_wconf 86' lang='lat' dir='ltr'>prava</span> <span class='ocrx_word' id='word_1_72' title='bbox 540 2040 577 2097; x_wconf 91' lang='lat' dir='ltr'>et</span> <span class='ocrx_word' id='word_1_73' title='bbox 593 2023 789 2121; x_wconf 90' lang='lat' dir='ltr'>perniciosa</span> <span class='ocrx_word' id='word_1_74' title='bbox 805 2022 949 2096; x_wconf 91' lang='lat' dir='ltr'>consilia</span> <span class='ocrx_word' id='word_1_75' title='bbox 971 2047 1037 2096; x_wconf 94' lang='lat' dir='ltr'>nec</span> <span class='ocrx_word' id='word_1_76' title='bbox 1051 2048 1113 2097; x_wconf 95' lang='lat' dir='ltr'>ero</span> 
     </span>
     <span class='ocr_line' id='line_1_14' title="bbox 261 2138 1112 2236; baseline 0.006 -27"><span class='ocrx_word' id='word_1_77' title='bbox 261 2164 357 2212; x_wconf 89' lang='lat' dir='ltr'>more</span> <span class='ocrx_word' id='word_1_78' title='bbox 365 2138 455 2236; x_wconf 87' lang='lat' dir='ltr'>vulgi</span> <span class='ocrx_word' id='word_1_79' title='bbox 469 2138 584 2213; x_wconf 93' lang='lat' dir='ltr'>animo</span> <span class='ocrx_word' id='word_1_80' title='bbox 594 2139 686 2213; x_wconf 93' lang='lat' dir='ltr'>molli</span> <span class='ocrx_word' id='word_1_81' title='bbox 700 2163 743 2213; x_wconf 90' lang='lat' dir='ltr'>ac</span> <span class='ocrx_word' id='word_1_82' title='bbox 753 2138 915 2229; x_wconf 85' lang='lat' dir='ltr'>mutabili,</span> <span class='ocrx_word' id='word_1_83' title='bbox 925 2138 988 2212; x_wconf 91' lang='lat' dir='ltr'>sed</span> <span class='ocrx_word' id='word_1_84' title='bbox 1003 2140 1112 2229; x_wconf 84' lang='lat' dir='ltr'>firmo,</span> 
     </span>
     <span class='ocr_line' id='line_1_15' title="bbox 259 2253 1112 2354; baseline 0.004 -29"><span class='ocrx_word' id='word_1_85' title='bbox 259 2268 358 2327; x_wconf 86' lang='lat' dir='ltr'>certo</span> <span class='ocrx_word' id='word_1_86' title='bbox 387 2253 581 2354; x_wconf 82' lang='lat' dir='ltr'>stabilique,</span> <span class='ocrx_word' id='word_1_87' title='bbox 599 2254 702 2328; x_wconf 90' lang='lat' dir='ltr'>etiam</span> <span class='ocrx_word' id='word_1_88' title='bbox 720 2254 748 2328; x_wconf 92' lang='lat' dir='ltr'>si</span> <span class='ocrx_word' id='word_1_89' title='bbox 767 2279 844 2328; x_wconf 87' lang='lat' dir='ltr'>mea</span> <span class='ocrx_word' id='word_1_90' title='bbox 861 2279 916 2328; x_wconf 93' lang='lat' dir='ltr'>res</span> <span class='ocrx_word' id='word_1_91' title='bbox 942 2253 1112 2328; x_wconf 82' lang='lat' dir='ltr'>familiaris</span> 
     </span>
     <span class='ocr_line' id='line_1_16' title="bbox 258 2368 1153 2469; baseline -0.001 -28"><span class='ocrx_word' id='word_1_92' title='bbox 258 2393 280 2441; x_wconf 92' lang='lat' dir='ltr'>a</span> <span class='ocrx_word' id='word_1_93' title='bbox 305 2368 390 2442; x_wconf 87' lang='lat' dir='ltr'>meis</span> <span class='ocrx_word' id='word_1_94' title='bbox 409 2368 541 2466; x_wconf 84' lang='lat' dir='ltr'>ingrato</span> <span class='ocrx_word' id='word_1_95' title='bbox 568 2371 809 2469; x_wconf 86' lang='lat' dir='ltr'>malevoloque</span> <span class='ocrx_word' id='word_1_96' title='bbox 836 2369 950 2444; x_wconf 87' lang='lat' dir='ltr'>animo</span> <span class='ocrx_word' id='word_1_97' title='bbox 976 2370 1153 2467; x_wconf 70' lang='lat' dir='ltr'>frange-15</span> 
     </span>
     <span class='ocr_line' id='line_1_17' title="bbox 259 2482 1110 2586; baseline 0.004 -30"><span class='ocrx_word' id='word_1_98' title='bbox 259 2500 361 2575; x_wconf 89' lang='lat' dir='ltr'>retur,</span> <span class='ocrx_word' id='word_1_99' title='bbox 379 2482 609 2582; x_wconf 82' lang='lat' dir='ltr'>dissiparetur,</span> <span class='ocrx_word' id='word_1_100' title='bbox 624 2485 839 2586; x_wconf 87' lang='lat' dir='ltr'>diriperetur,</span> <span class='ocrx_word' id='word_1_101' title='bbox 858 2484 1110 2577; x_wconf 90' lang='lat' dir='ltr'>incenderetur,</span> 
     </span>
     <span class='ocr_line' id='line_1_18' title="bbox 257 2601 1111 2701; baseline 0.004 -28"><span class='ocrx_word' id='word_1_102' title='bbox 257 2617 316 2673; x_wconf 90' lang='lat' dir='ltr'>aut</span> <span class='ocrx_word' id='word_1_103' title='bbox 323 2602 633 2699; x_wconf 89' lang='lat' dir='ltr'>percontumeliam</span> <span class='ocrx_word' id='word_1_104' title='bbox 641 2619 746 2701; x_wconf 89' lang='lat' dir='ltr'>atque</span> <span class='ocrx_word' id='word_1_105' title='bbox 756 2601 973 2699; x_wconf 86' lang='lat' dir='ltr'>ignominiam</span> <span class='ocrx_word' id='word_1_106' title='bbox 984 2627 1039 2675; x_wconf 89' lang='lat' dir='ltr'>me</span> <span class='ocrx_word' id='word_1_107' title='bbox 1047 2625 1111 2699; x_wconf 91' lang='lat' dir='ltr'>pro</span> 
     </span>
     <span class='ocr_line' id='line_1_19' title="bbox 257 2713 1109 2819; baseline 0.001 -31"><span class='ocrx_word' id='word_1_108' title='bbox 257 2713 424 2790; x_wconf 86' lang='lat' dir='ltr'>derelicta</span> <span class='ocrx_word' id='word_1_109' title='bbox 440 2741 483 2791; x_wconf 91' lang='lat' dir='ltr'>ac</span> <span class='ocrx_word' id='word_1_110' title='bbox 501 2719 662 2815; x_wconf 84' lang='lat' dir='ltr'>neglecta</span> <span class='ocrx_word' id='word_1_111' title='bbox 679 2719 834 2792; x_wconf 87' lang='lat' dir='ltr'>haberes.</span> <span class='ocrx_word' id='word_1_112' title='bbox 855 2715 966 2819; x_wconf 89' lang='lat' dir='ltr'>Quod</span> <span class='ocrx_word' id='word_1_113' title='bbox 984 2733 1109 2806; x_wconf 90' lang='lat' dir='ltr'>tamen,</span> 
     </span>
     <span class='ocr_line' id='line_1_20' title="bbox 258 2831 1107 2931; baseline 0.002 -28"><span class='ocrx_word' id='word_1_114' title='bbox 258 2846 294 2903; x_wconf 90' lang='lat' dir='ltr'>ut</span> <span class='ocrx_word' id='word_1_115' title='bbox 319 2856 434 2905; x_wconf 91' lang='lat' dir='ltr'>verum</span> <span class='ocrx_word' id='word_1_116' title='bbox 462 2833 580 2922; x_wconf 81' lang='lat' dir='ltr'>fatear,</span> <span class='ocrx_word' id='word_1_117' title='bbox 601 2858 771 2931; x_wconf 91' lang='lat' dir='ltr'>nunquam</span> <span class='ocrx_word' id='word_1_118' title='bbox 794 2831 874 2905; x_wconf 92' lang='lat' dir='ltr'>mihi</span> <span class='ocrx_word' id='word_1_119' title='bbox 902 2832 934 2904; x_wconf 93' lang='lat' dir='ltr'>in</span> <span class='ocrx_word' id='word_1_120' title='bbox 960 2831 1107 2906; x_wconf 90' lang='lat' dir='ltr'>animum</span> 
     </span>
     <span class='ocr_line' id='line_1_21' title="bbox 258 2945 1154 3047; baseline 0.002 -29"><span class='ocrx_word' id='word_1_121' title='bbox 258 2945 415 3021; x_wconf 86' lang='lat' dir='ltr'>inducam</span> <span class='ocrx_word' id='word_1_122' title='bbox 438 2965 475 3021; x_wconf 92' lang='lat' dir='ltr'>ut</span> <span class='ocrx_word' id='word_1_123' title='bbox 499 2947 652 3038; x_wconf 86' lang='lat' dir='ltr'>credam,</span> <span class='ocrx_word' id='word_1_124' title='bbox 672 2972 878 3047; x_wconf 87' lang='lat' dir='ltr'>quamquam</span> <span class='ocrx_word' id='word_1_125' title='bbox 897 2946 977 3021; x_wconf 86' lang='lat' dir='ltr'>mihi</span> <span class='ocrx_word' id='word_1_126' title='bbox 1005 2948 1109 3022; x_wconf 92' lang='lat' dir='ltr'>inter·</span> <span class='ocrx_word' id='word_1_127' title='bbox 1123 2985 1154 3020; x_wconf 71' lang='grc' dir='ltr'>ιο</span> 
     </span>
     <span class='ocr_line' id='line_1_22' title="bbox 257 3061 1108 3161; baseline 0.004 -26"><span class='ocrx_word' id='word_1_128' title='bbox 257 3061 336 3135; x_wconf 91' lang='lat' dir='ltr'>dum</span> <span class='ocrx_word' id='word_1_129' title='bbox 351 3062 477 3136; x_wconf 87' lang='lat' dir='ltr'>acriter</span> <span class='ocrx_word' id='word_1_130' title='bbox 488 3064 709 3161; x_wconf 89' lang='lat' dir='ltr'>superbeque</span> <span class='ocrx_word' id='word_1_131' title='bbox 717 3063 830 3137; x_wconf 89' lang='lat' dir='ltr'>verbis</span> <span class='ocrx_word' id='word_1_132' title='bbox 839 3062 1002 3137; x_wconf 87' lang='lat' dir='ltr'>subirasci</span> <span class='ocrx_word' id='word_1_133' title='bbox 1012 3063 1108 3138; x_wconf 89' lang='lat' dir='ltr'>vide-</span> 
     </span>
     <span class='ocr_line' id='line_1_23' title="bbox 255 3177 1105 3280; baseline 0.005 -30"><span class='ocrx_word' id='word_1_134' title='bbox 255 3177 310 3251; x_wconf 89' lang='lat' dir='ltr'>ris.</span> <span class='ocrx_word' id='word_1_135' title='bbox 327 3178 509 3280; x_wconf 88' lang='lat' dir='ltr'>Quocirca</span> <span class='ocrx_word' id='word_1_136' title='bbox 521 3177 550 3251; x_wconf 89' lang='lat' dir='ltr'>si</span> <span class='ocrx_word' id='word_1_137' title='bbox 563 3178 705 3253; x_wconf 87' lang='lat' dir='ltr'>abesses</span> <span class='ocrx_word' id='word_1_138' title='bbox 719 3178 751 3251; x_wconf 93' lang='lat' dir='ltr'>in</span> <span class='ocrx_word' id='word_1_139' title='bbox 766 3178 889 3252; x_wconf 87' lang='lat' dir='ltr'>ultimis</span> <span class='ocrx_word' id='word_1_140' title='bbox 904 3179 1105 3269; x_wconf 88' lang='lat' dir='ltr'>nationibus,</span> 
     </span>
     <span class='ocr_line' id='line_1_24' title="bbox 254 3293 1104 3393; baseline 0.002 -27"><span class='ocrx_word' id='word_1_141' title='bbox 254 3293 282 3366; x_wconf 94' lang='lat' dir='ltr'>si</span> <span class='ocrx_word' id='word_1_142' title='bbox 306 3293 338 3366; x_wconf 94' lang='lat' dir='ltr'>in</span> <span class='ocrx_word' id='word_1_143' title='bbox 360 3293 523 3367; x_wconf 87' lang='lat' dir='ltr'>extremis</span> <span class='ocrx_word' id='word_1_144' title='bbox 540 3293 634 3368; x_wconf 91' lang='lat' dir='ltr'>orbis</span> <span class='ocrx_word' id='word_1_145' title='bbox 650 3293 731 3385; x_wconf 90' lang='lat' dir='ltr'>oris,</span> <span class='ocrx_word' id='word_1_146' title='bbox 754 3295 915 3392; x_wconf 86' lang='lat' dir='ltr'>prolecto</span> <span class='ocrx_word' id='word_1_147' title='bbox 933 3320 1104 3393; x_wconf 91' lang='lat' dir='ltr'>nunquam</span> 
     </span>
    </p>
   </div>
   <div class='ocr_carea' id='block_1_3' title="bbox 301 3555 998 3733">
    <p class='ocr_par' dir='ltr' id='par_1_3' title="bbox 301 3555 998 3733">
     <span class='ocr_line' id='line_1_25' title="bbox 301 3555 930 3621; baseline -0.002 -12"><span class='ocrx_word' id='word_1_148' title='bbox 301 3555 335 3619; x_wconf 85' lang='lat'>(9)</span> <span class='ocrx_word' id='word_1_149' title='bbox 352 3556 453 3607; x_wconf 80' lang='lat' dir='ltr'>charior</span> <span class='ocrx_word' id='word_1_150' title='bbox 469 3558 500 3607; x_wconf 85' lang='lat' dir='ltr'>C.</span> <span class='ocrx_word' id='word_1_151' title='bbox 534 3555 585 3621; x_wconf 82' lang='grc' dir='ltr'><strong>(ις)</strong></span> <span class='ocrx_word' id='word_1_152' title='bbox 599 3557 633 3607; x_wconf 79' lang='lat' dir='ltr'>ab</span> <span class='ocrx_word' id='word_1_153' title='bbox 648 3558 678 3608; x_wconf 75' lang='lat' dir='ltr'>c</span> <span class='ocrx_word' id='word_1_154' title='bbox 712 3557 883 3621; x_wconf 74' lang='lat' dir='ltr'>malivoloque</span> <span class='ocrx_word' id='word_1_155' title='bbox 899 3558 930 3608; x_wconf 73' lang='lat' dir='ltr'>C</span> 
     </span>
     <span class='ocr_line' id='line_1_26' title="bbox 306 3675 998 3733; baseline -0.007 -15"><span class='ocrx_word' id='word_1_156' title='bbox 306 3676 367 3718; x_wconf 72' lang='lat' dir='ltr'>laute</span> <span class='ocrx_word' id='word_1_157' title='bbox 381 3675 492 3732; x_wconf 69' lang='lat' dir='ltr'>Nognrolae</span> <span class='ocrx_word' id='word_1_158' title='bbox 505 3676 581 3733; x_wconf 73' lang='lat' dir='ltr'>Opera.</span> <span class='ocrx_word' id='word_1_159' title='bbox 600 3677 626 3720; x_wconf 79' lang='grc' dir='ltr'>ΙΙ.</span> <span class='ocrx_word' id='word_1_160' title='bbox 968 3678 998 3725; x_wconf 82' lang='lat'>29</span> 
     </span>
    </p>
   </div>
   <div class='ocr_carea' id='block_1_4' title="bbox 0 0 1414 4680">
    <p class='ocr_par' dir='ltr' id='par_1_4' title="bbox 0 0 1414 4680">
     <span class='ocr_line' id='line_1_27' title="bbox 0 0 1414 4680; baseline 0 5"><span class='ocrx_word' id='word_1_161' title='bbox 0 0 1414 4680; x_wconf 95' lang='lat' dir='ltr'> </span> 
     </span>
    </p>
   </div>
  </div>
 </body>
</html>
