<?xml version="1.0" encoding="UTF-8"?>
<!DOCTYPE html PUBLIC "-//W3C//DTD XHTML 1.0 Transitional//EN"
    "http://www.w3.org/TR/xhtml1/DTD/xhtml1-transitional.dtd">
<html xmlns="http://www.w3.org/1999/xhtml" xml:lang="en" lang="en">
 <head>
  <title>
</title>
<meta http-equiv="Content-Type" content="text/html;charset=utf-8" />
  <meta name='ocr-system' content='tesseract 3.04.00' />
  <meta name='ocr-capabilities' content='ocr_page ocr_carea ocr_par ocr_line ocrx_word'/>
</head>
<body>
  <div class='ocr_page' id='page_1' title='image "./isotnogarolvero01nogagoog/isotnogarolvero01nogagoog_0054.png"; bbox 0 0 2820 4680; ppageno 0'>
   <div class='ocr_carea' id='block_1_1' title="bbox 512 568 547 628">
    <p class='ocr_par' dir='ltr' id='par_1_1' title="bbox 512 568 547 628">
     <span class='ocr_line' id='line_1_1' title="bbox 512 568 547 628; baseline 0.086 -3"><span class='ocrx_word' id='word_1_1' title='bbox 512 568 547 628; x_wconf 84' lang='lat'>43</span> 
     </span>
    </p>
   </div>
   <div class='ocr_carea' id='block_1_2' title="bbox 101 719 996 1518">
    <p class='ocr_par' dir='ltr' id='par_1_2' title="bbox 101 719 996 1518">
     <span class='ocr_line' id='line_1_2' title="bbox 101 719 954 825; baseline 0.005 -31"><span class='ocrx_word' id='word_1_2' title='bbox 101 719 148 794; x_wconf 90' lang='lat' dir='ltr'>de</span> <span class='ocrx_word' id='word_1_3' title='bbox 175 720 355 810; x_wconf 87' lang='lat' dir='ltr'>modestia,</span> <span class='ocrx_word' id='word_1_4' title='bbox 387 721 613 818; x_wconf 76' lang='lat' dir='ltr'>temperantia</span> <span class='ocrx_word' id='word_1_5' title='bbox 630 722 827 823; x_wconf 88' lang='lat' dir='ltr'>ceterisque</span> <span class='ocrx_word' id='word_1_6' title='bbox 844 724 954 825; x_wconf 88' lang='lat' dir='ltr'>digni·</span> 
     </span>
     <span class='ocr_line' id='line_1_3' title="bbox 102 835 953 934; baseline 0.004 -23"><span class='ocrx_word' id='word_1_7' title='bbox 102 836 228 912; x_wconf 90' lang='lat' dir='ltr'>tatibus</span> <span class='ocrx_word' id='word_1_8' title='bbox 245 836 321 927; x_wconf 90' lang='lat' dir='ltr'>tuis,</span> <span class='ocrx_word' id='word_1_9' title='bbox 340 861 420 934; x_wconf 75' lang='lat' dir='ltr'>quae</span> <span class='ocrx_word' id='word_1_10' title='bbox 437 835 645 933; x_wconf 90' lang='lat' dir='ltr'>optimorum</span> <span class='ocrx_word' id='word_1_11' title='bbox 668 836 796 913; x_wconf 93' lang='lat' dir='ltr'>iudicio</span> <span class='ocrx_word' id='word_1_12' title='bbox 813 839 953 915; x_wconf 90' lang='lat' dir='ltr'>virtutes</span> 
     </span>
     <span class='ocr_line' id='line_1_4' title="bbox 103 951 952 1053; baseline 0.006 -28"><span class='ocrx_word' id='word_1_13' title='bbox 103 968 338 1041; x_wconf 89' lang='lat' dir='ltr'>numerantur;</span> <span class='ocrx_word' id='word_1_14' title='bbox 382 951 545 1051; x_wconf 90' lang='lat' dir='ltr'>quoniam</span> <span class='ocrx_word' id='word_1_15' title='bbox 580 976 659 1026; x_wconf 93' lang='lat' dir='ltr'>cum</span> <span class='ocrx_word' id='word_1_16' title='bbox 690 952 866 1053; x_wconf 88' lang='lat' dir='ltr'>singularis</span> <span class='ocrx_word' id='word_1_17' title='bbox 895 955 952 1047; x_wconf 86' lang='lat' dir='ltr'>sis,</span> 
     </span>
     <span class='ocr_line' id='line_1_5' title="bbox 101 1066 954 1166; baseline 0.008 -26"><span class='ocrx_word' id='word_1_18' title='bbox 101 1066 289 1166; x_wconf 80' lang='lat' dir='ltr'>singulares</span> <span class='ocrx_word' id='word_1_19' title='bbox 302 1067 363 1142; x_wconf 89' lang='lat' dir='ltr'>tibi</span> <span class='ocrx_word' id='word_1_20' title='bbox 378 1070 528 1142; x_wconf 86' lang='lat' dir='ltr'>honores</span> <span class='ocrx_word' id='word_1_21' title='bbox 540 1068 721 1143; x_wconf 89' lang='lat' dir='ltr'>debentur.</span> <span class='ocrx_word' id='word_1_22' title='bbox 742 1072 837 1145; x_wconf 87' lang='lat' dir='ltr'>Data</span> <span class='ocrx_word' id='word_1_23' title='bbox 854 1071 954 1147; x_wconf 89' lang='lat' dir='ltr'>nobis</span> 
     </span>
     <span class='ocr_line' id='line_1_6' title="bbox 101 1183 996 1283; baseline 0.004 -24"><span class='ocrx_word' id='word_1_24' title='bbox 101 1209 265 1259; x_wconf 88' lang='lat' dir='ltr'>asummo</span> <span class='ocrx_word' id='word_1_25' title='bbox 282 1183 363 1276; x_wconf 90' lang='lat' dir='ltr'>deo,</span> <span class='ocrx_word' id='word_1_26' title='bbox 377 1208 398 1258; x_wconf 93' lang='lat' dir='ltr'>a</span> <span class='ocrx_word' id='word_1_27' title='bbox 412 1184 663 1283; x_wconf 88' lang='lat' dir='ltr'>sapientissima</span> <span class='ocrx_word' id='word_1_28' title='bbox 680 1203 788 1260; x_wconf 92' lang='lat' dir='ltr'>matre</span> <span class='ocrx_word' id='word_1_29' title='bbox 804 1187 954 1263; x_wconf 90' lang='lat' dir='ltr'>educata</span> <span class='ocrx_word' id='word_1_30' title='bbox 986 1216 996 1270; x_wconf 77' lang='grc' dir='ltr'><strong>ς</strong></span> 
     </span>
     <span class='ocr_line' id='line_1_7' title="bbox 101 1300 954 1401; baseline 0.001 -25"><span class='ocrx_word' id='word_1_31' title='bbox 101 1300 147 1376; x_wconf 90' lang='lat' dir='ltr'>ad</span> <span class='ocrx_word' id='word_1_32' title='bbox 182 1300 338 1376; x_wconf 87' lang='lat' dir='ltr'>universa</span> <span class='ocrx_word' id='word_1_33' title='bbox 371 1300 592 1376; x_wconf 87' lang='lat' dir='ltr'>maximarum</span> <span class='ocrx_word' id='word_1_34' title='bbox 626 1301 785 1376; x_wconf 87' lang='lat' dir='ltr'>virtutum</span> <span class='ocrx_word' id='word_1_35' title='bbox 823 1327 954 1401; x_wconf 88' lang='lat' dir='ltr'>genera</span> 
     </span>
     <span class='ocr_line' id='line_1_8' title="bbox 101 1416 955 1518; baseline 0.005 -27"><span class='ocrx_word' id='word_1_36' title='bbox 101 1435 183 1494; x_wconf 86' lang='lat' dir='ltr'>nata</span> <span class='ocrx_word' id='word_1_37' title='bbox 207 1441 286 1492; x_wconf 87' lang='lat' dir='ltr'>esse</span> <span class='ocrx_word' id='word_1_38' title='bbox 310 1416 446 1508; x_wconf 82' lang='lat' dir='ltr'>videris,</span> <span class='ocrx_word' id='word_1_39' title='bbox 473 1443 553 1515; x_wconf 79' lang='lat' dir='ltr'>quoe</span> <span class='ocrx_word' id='word_1_40' title='bbox 578 1417 694 1493; x_wconf 88' lang='lat' dir='ltr'>omnia</span> <span class='ocrx_word' id='word_1_41' title='bbox 710 1418 826 1493; x_wconf 91' lang='lat' dir='ltr'>divino</span> <span class='ocrx_word' id='word_1_42' title='bbox 840 1420 955 1518; x_wconf 91' lang='lat' dir='ltr'>potius</span> 
     </span>
    </p>
   </div>
   <div class='ocr_carea' id='block_1_3' title="bbox 101 1533 1000 3367">
    <p class='ocr_par' dir='ltr' id='par_1_3' title="bbox 101 1533 1000 3367">
     <span class='ocr_line' id='line_1_9' title="bbox 102 1533 954 1633; baseline 0.004 -26"><span class='ocrx_word' id='word_1_43' title='bbox 102 1559 245 1610; x_wconf 91' lang='lat' dir='ltr'>munere</span> <span class='ocrx_word' id='word_1_44' title='bbox 258 1558 360 1631; x_wconf 89' lang='lat' dir='ltr'>quam</span> <span class='ocrx_word' id='word_1_45' title='bbox 374 1551 505 1608; x_wconf 87' lang='lat' dir='ltr'>naturae</span> <span class='ocrx_word' id='word_1_46' title='bbox 517 1533 673 1631; x_wconf 90' lang='lat' dir='ltr'>largitate</span> <span class='ocrx_word' id='word_1_47' title='bbox 692 1533 752 1607; x_wconf 91' lang='lat' dir='ltr'>tibi</span> <span class='ocrx_word' id='word_1_48' title='bbox 766 1535 954 1633; x_wconf 84' lang='lat' dir='ltr'>contigisse</span> 
     </span>
     <span class='ocr_line' id='line_1_10' title="bbox 102 1649 954 1750; baseline -0.002 -24"><span class='ocrx_word' id='word_1_49' title='bbox 102 1650 221 1742; x_wconf 89' lang='lat' dir='ltr'>crede,</span> <span class='ocrx_word' id='word_1_50' title='bbox 231 1652 297 1725; x_wconf 91' lang='lat' dir='ltr'>hac</span> <span class='ocrx_word' id='word_1_51' title='bbox 307 1649 519 1749; x_wconf 88' lang='lat' dir='ltr'>potissimum</span> <span class='ocrx_word' id='word_1_52' title='bbox 528 1649 673 1742; x_wconf 89' lang='lat' dir='ltr'>ratione,</span> <span class='ocrx_word' id='word_1_53' title='bbox 687 1651 769 1750; x_wconf 91' lang='lat' dir='ltr'>quia</span> <span class='ocrx_word' id='word_1_54' title='bbox 782 1675 954 1750; x_wconf 88' lang='lat' dir='ltr'>nunquam</span> 
     </span>
     <span class='ocr_line' id='line_1_11' title="bbox 101 1765 1000 1866; baseline -0.011 -24"><span class='ocrx_word' id='word_1_55' title='bbox 101 1766 254 1866; x_wconf 85' lang='lat' dir='ltr'>propriae</span> <span class='ocrx_word' id='word_1_56' title='bbox 281 1766 402 1864; x_wconf 80' lang='lat' dir='ltr'>gloriae</span> <span class='ocrx_word' id='word_1_57' title='bbox 435 1765 577 1856; x_wconf 88' lang='lat' dir='ltr'>insistis;</span> <span class='ocrx_word' id='word_1_58' title='bbox 604 1782 641 1840; x_wconf 89' lang='lat' dir='ltr'>et</span> <span class='ocrx_word' id='word_1_59' title='bbox 674 1782 788 1841; x_wconf 91' lang='lat' dir='ltr'>tamen</span> <span class='ocrx_word' id='word_1_60' title='bbox 823 1784 954 1864; x_wconf 90' lang='lat' dir='ltr'>quanto</span> <span class='ocrx_word' id='word_1_61' title='bbox 971 1797 1000 1833; x_wconf 79' lang='grc' dir='ltr'>ιο</span> 
     </span>
     <span class='ocr_line' id='line_1_12' title="bbox 101 1881 955 1982; baseline 0.001 -26"><span class='ocrx_word' id='word_1_62' title='bbox 101 1883 209 1982; x_wconf 89' lang='lat' dir='ltr'>magis</span> <span class='ocrx_word' id='word_1_63' title='bbox 222 1881 359 1958; x_wconf 89' lang='lat' dir='ltr'>laudem</span> <span class='ocrx_word' id='word_1_64' title='bbox 372 1882 516 1981; x_wconf 87' lang='lat' dir='ltr'>spernis,</span> <span class='ocrx_word' id='word_1_65' title='bbox 531 1898 627 1956; x_wconf 86' lang='lat' dir='ltr'>tanto</span> <span class='ocrx_word' id='word_1_66' title='bbox 640 1882 684 1956; x_wconf 92' lang='lat' dir='ltr'>ad</span> <span class='ocrx_word' id='word_1_67' title='bbox 699 1898 734 1956; x_wconf 89' lang='lat' dir='ltr'>te</span> <span class='ocrx_word' id='word_1_68' title='bbox 751 1883 955 1957; x_wconf 84' lang='lat' dir='ltr'>cumulatior</span> 
     </span>
     <span class='ocr_line' id='line_1_13' title="bbox 102 1997 953 2096; baseline 0.002 -24"><span class='ocrx_word' id='word_1_69' title='bbox 102 1999 201 2073; x_wconf 84' lang='lat' dir='ltr'>redit.</span> <span class='ocrx_word' id='word_1_70' title='bbox 233 1998 411 2073; x_wconf 87' lang='lat' dir='ltr'>Christum</span> <span class='ocrx_word' id='word_1_71' title='bbox 441 1997 608 2095; x_wconf 89' lang='lat' dir='ltr'>sequeris,</span> <span class='ocrx_word' id='word_1_72' title='bbox 640 2014 675 2071; x_wconf 89' lang='lat' dir='ltr'>te</span> <span class='ocrx_word' id='word_1_73' title='bbox 705 1997 813 2094; x_wconf 91' lang='lat' dir='ltr'>ipsam</span> <span class='ocrx_word' id='word_1_74' title='bbox 844 1998 953 2096; x_wconf 92' lang='lat' dir='ltr'>puris·</span> 
     </span>
     <span class='ocr_line' id='line_1_14' title="bbox 103 2112 952 2210; baseline -0.001 -22"><span class='ocrx_word' id='word_1_75' title='bbox 103 2113 222 2188; x_wconf 89' lang='lat' dir='ltr'>simam</span> <span class='ocrx_word' id='word_1_76' title='bbox 257 2114 403 2188; x_wconf 85' lang='lat' dir='ltr'>hostiam</span> <span class='ocrx_word' id='word_1_77' title='bbox 437 2113 545 2186; x_wconf 90' lang='lat' dir='ltr'>vivam</span> <span class='ocrx_word' id='word_1_78' title='bbox 580 2129 616 2187; x_wconf 89' lang='lat' dir='ltr'>et</span> <span class='ocrx_word' id='word_1_79' title='bbox 648 2112 719 2186; x_wconf 89' lang='lat' dir='ltr'>deo</span> <span class='ocrx_word' id='word_1_80' title='bbox 757 2115 952 2210; x_wconf 82' lang='lat' dir='ltr'>placentem</span> 
     </span>
     <span class='ocr_line' id='line_1_15' title="bbox 101 2227 954 2327; baseline 0.001 -25"><span class='ocrx_word' id='word_1_81' title='bbox 101 2227 264 2304; x_wconf 89' lang='lat' dir='ltr'>obtulisti.</span> <span class='ocrx_word' id='word_1_82' title='bbox 301 2227 462 2303; x_wconf 82' lang='lat' dir='ltr'>Gravitas</span> <span class='ocrx_word' id='word_1_83' title='bbox 496 2227 529 2300; x_wconf 91' lang='lat' dir='ltr'>in</span> <span class='ocrx_word' id='word_1_84' title='bbox 565 2244 612 2318; x_wconf 89' lang='lat' dir='ltr'>te,</span> <span class='ocrx_word' id='word_1_85' title='bbox 647 2228 819 2302; x_wconf 88' lang='lat' dir='ltr'>sententia</span> <span class='ocrx_word' id='word_1_86' title='bbox 851 2253 954 2327; x_wconf 91' lang='lat' dir='ltr'>supra</span> 
     </span>
     <span class='ocr_line' id='line_1_16' title="bbox 101 2343 995 2433; baseline -0.009 -13"><span class='ocrx_word' id='word_1_87' title='bbox 101 2368 212 2420; x_wconf 89' lang='lat' dir='ltr'>annos</span> <span class='ocrx_word' id='word_1_88' title='bbox 236 2360 274 2419; x_wconf 90' lang='lat' dir='ltr'>et</span> <span class='ocrx_word' id='word_1_89' title='bbox 300 2368 420 2419; x_wconf 84' lang='lat' dir='ltr'>sexum</span> <span class='ocrx_word' id='word_1_90' title='bbox 442 2343 513 2417; x_wconf 87' lang='lat' dir='ltr'>visa</span> <span class='ocrx_word' id='word_1_91' title='bbox 535 2360 606 2433; x_wconf 89' lang='lat' dir='ltr'>est;</span> <span class='ocrx_word' id='word_1_92' title='bbox 637 2343 706 2418; x_wconf 93' lang='lat' dir='ltr'>ocii</span> <span class='ocrx_word' id='word_1_93' title='bbox 725 2343 953 2419; x_wconf 91' lang='lat' dir='ltr'>inimicissima</span> <span class='ocrx_word' id='word_1_94' title='bbox 970 2376 995 2428; x_wconf 69' lang='grc' dir='ltr'>ις</span> 
     </span>
     <span class='ocr_line' id='line_1_17' title="bbox 102 2458 952 2560; baseline 0 -26"><span class='ocrx_word' id='word_1_95' title='bbox 102 2484 275 2560; x_wconf 90' lang='lat' dir='ltr'>nunquam</span> <span class='ocrx_word' id='word_1_96' title='bbox 302 2459 374 2550; x_wconf 89' lang='lat' dir='ltr'>tibi,</span> <span class='ocrx_word' id='word_1_97' title='bbox 402 2483 573 2559; x_wconf 89' lang='lat' dir='ltr'>nunquam</span> <span class='ocrx_word' id='word_1_98' title='bbox 596 2458 762 2557; x_wconf 86' lang='lat' dir='ltr'>religioni,</span> <span class='ocrx_word' id='word_1_99' title='bbox 781 2484 952 2558; x_wconf 88' lang='lat' dir='ltr'>nunquam</span> 
     </span>
     <span class='ocr_line' id='line_1_18' title="bbox 101 2574 954 2666; baseline -0.001 -15"><span class='ocrx_word' id='word_1_100' title='bbox 101 2576 273 2653; x_wconf 74' lang='lat' dir='ltr'>doctrinae</span> <span class='ocrx_word' id='word_1_101' title='bbox 298 2575 454 2666; x_wconf 85' lang='lat' dir='ltr'>deluisti;</span> <span class='ocrx_word' id='word_1_102' title='bbox 481 2575 638 2650; x_wconf 90' lang='lat' dir='ltr'>virtutem</span> <span class='ocrx_word' id='word_1_103' title='bbox 658 2574 770 2650; x_wconf 89' lang='lat' dir='ltr'>virtuti</span> <span class='ocrx_word' id='word_1_104' title='bbox 788 2576 954 2650; x_wconf 91' lang='lat' dir='ltr'>addendo</span> 
     </span>
     <span class='ocr_line' id='line_1_19' title="bbox 101 2688 954 2788; baseline -0.004 -21"><span class='ocrx_word' id='word_1_105' title='bbox 101 2709 140 2767; x_wconf 89' lang='lat' dir='ltr'>et</span> <span class='ocrx_word' id='word_1_106' title='bbox 164 2691 373 2767; x_wconf 88' lang='lat' dir='ltr'>cumulando</span> <span class='ocrx_word' id='word_1_107' title='bbox 390 2715 529 2765; x_wconf 89' lang='lat' dir='ltr'>omnem</span> <span class='ocrx_word' id='word_1_108' title='bbox 548 2688 846 2788; x_wconf 88' lang='lat' dir='ltr'>cupidissimorum</span> <span class='ocrx_word' id='word_1_109' title='bbox 866 2717 954 2766; x_wconf 90' lang='lat' dir='ltr'>mer-</span> 
     </span>
     <span class='ocr_line' id='line_1_20' title="bbox 102 2805 952 2905; baseline -0.002 -23"><span class='ocrx_word' id='word_1_110' title='bbox 102 2824 258 2882; x_wconf 91' lang='lat' dir='ltr'>catorum</span> <span class='ocrx_word' id='word_1_111' title='bbox 284 2805 495 2905; x_wconf 84' lang='lat' dir='ltr'>diligentiam</span> <span class='ocrx_word' id='word_1_112' title='bbox 526 2805 560 2879; x_wconf 91' lang='lat' dir='ltr'>in</span> <span class='ocrx_word' id='word_1_113' title='bbox 591 2808 657 2881; x_wconf 89' lang='lat' dir='ltr'>hac</span> <span class='ocrx_word' id='word_1_114' title='bbox 684 2821 742 2880; x_wconf 91' lang='lat' dir='ltr'>tua</span> <span class='ocrx_word' id='word_1_115' title='bbox 766 2805 952 2881; x_wconf 89' lang='lat' dir='ltr'>litterarum</span> 
     </span>
     <span class='ocr_line' id='line_1_21' title="bbox 101 2921 999 3020; baseline -0.007 -23"><span class='ocrx_word' id='word_1_116' title='bbox 101 2939 140 2997; x_wconf 89' lang='lat' dir='ltr'>et</span> <span class='ocrx_word' id='word_1_117' title='bbox 156 2921 521 2997; x_wconf 87' lang='lat' dir='ltr'>Christianissimarum</span> <span class='ocrx_word' id='word_1_118' title='bbox 540 2921 785 2997; x_wconf 90' lang='lat' dir='ltr'>institutionum</span> <span class='ocrx_word' id='word_1_119' title='bbox 799 2922 953 3020; x_wconf 89' lang='lat' dir='ltr'>negotia·</span> <span class='ocrx_word' id='word_1_120' title='bbox 969 2957 999 2992; x_wconf 73' lang='grc' dir='ltr'>ιο</span> 
     </span>
     <span class='ocr_line' id='line_1_22' title="bbox 101 3037 953 3136; baseline 0.002 -24"><span class='ocrx_word' id='word_1_121' title='bbox 101 3037 199 3114; x_wconf 89' lang='lat' dir='ltr'>tione</span> <span class='ocrx_word' id='word_1_122' title='bbox 216 3037 413 3136; x_wconf 89' lang='lat' dir='ltr'>impetrasti.</span> <span class='ocrx_word' id='word_1_123' title='bbox 428 3037 541 3112; x_wconf 87' lang='lat' dir='ltr'>Vitam</span> <span class='ocrx_word' id='word_1_124' title='bbox 551 3055 588 3112; x_wconf 89' lang='lat' dir='ltr'>et</span> <span class='ocrx_word' id='word_1_125' title='bbox 596 3037 749 3136; x_wconf 91' lang='lat' dir='ltr'>spiritum</span> <span class='ocrx_word' id='word_1_126' title='bbox 761 3037 848 3112; x_wconf 91' lang='lat' dir='ltr'>inter</span> <span class='ocrx_word' id='word_1_127' title='bbox 857 3039 953 3114; x_wconf 80' lang='lat' dir='ltr'>labo</span> 
     </span>
     <span class='ocr_line' id='line_1_23' title="bbox 101 3151 952 3250; baseline 0 -22"><span class='ocrx_word' id='word_1_128' title='bbox 101 3177 158 3228; x_wconf 87' lang='lat' dir='ltr'>res</span> <span class='ocrx_word' id='word_1_129' title='bbox 175 3169 212 3228; x_wconf 88' lang='lat' dir='ltr'>et</span> <span class='ocrx_word' id='word_1_130' title='bbox 223 3151 488 3227; x_wconf 73' lang='lat' dir='ltr'>studiosissimus</span> <span class='ocrx_word' id='word_1_131' title='bbox 503 3151 632 3250; x_wconf 90' lang='lat' dir='ltr'>vigilias</span> <span class='ocrx_word' id='word_1_132' title='bbox 649 3151 759 3243; x_wconf 89' lang='lat' dir='ltr'>ducis,</span> <span class='ocrx_word' id='word_1_133' title='bbox 776 3151 952 3228; x_wconf 88' lang='lat' dir='ltr'>libidinem</span> 
     </span>
     <span class='ocr_line' id='line_1_24' title="bbox 102 3267 953 3367; baseline 0 -24"><span class='ocrx_word' id='word_1_134' title='bbox 102 3294 173 3343; x_wconf 95' lang='lat' dir='ltr'>non</span> <span class='ocrx_word' id='word_1_135' title='bbox 182 3267 546 3367; x_wconf 86' lang='lat' dir='ltr'>intelligis‚voluptates</span> <span class='ocrx_word' id='word_1_136' title='bbox 556 3293 624 3342; x_wconf 91' lang='lat' dir='ltr'>non</span> <span class='ocrx_word' id='word_1_137' title='bbox 634 3268 832 3365; x_wconf 89' lang='lat' dir='ltr'>cognoscis,</span> <span class='ocrx_word' id='word_1_138' title='bbox 842 3292 953 3343; x_wconf 88' lang='lat' dir='ltr'>amoe-</span> 
     </span>
    </p>
   </div>
   <div class='ocr_carea' id='block_1_4' title="bbox 99 3419 950 3596">
    <p class='ocr_par' dir='ltr' id='par_1_4' title="bbox 99 3419 950 3596">
     <span class='ocr_line' id='line_1_25' title="bbox 148 3419 950 3517; baseline 0.001 -15"><span class='ocrx_word' id='word_1_139' title='bbox 148 3452 201 3517; x_wconf 77' lang='lat' dir='ltr'>(ra)</span> <span class='ocrx_word' id='word_1_140' title='bbox 217 3419 345 3514; x_wconf 63' lang='lat' dir='ltr'>nonquam</span> <span class='ocrx_word' id='word_1_141' title='bbox 356 3454 402 3502; x_wconf 74' lang='lat' dir='ltr'>rer.</span> <span class='ocrx_word' id='word_1_142' title='bbox 415 3451 446 3502; x_wconf 81' lang='lat' dir='ltr'>o</span> <span class='ocrx_word' id='word_1_143' title='bbox 469 3451 782 3517; x_wconf 69' lang='lat' dir='ltr'>(antefuissenupmaer.</span> <span class='ocrx_word' id='word_1_144' title='bbox 795 3451 950 3517; x_wconf 73' lang='lat' dir='ltr'>aerumna</span> 
     </span>
     <span class='ocr_line' id='line_1_26' title="bbox 99 3531 753 3596; baseline 0.002 -15"><span class='ocrx_word' id='word_1_145' title='bbox 99 3531 152 3596; x_wconf 80' lang='lat' dir='ltr'>(ao)</span> <span class='ocrx_word' id='word_1_146' title='bbox 169 3532 438 3582; x_wconf 73' lang='lat' dir='ltr'>Chdnianirsimorutn</span> <span class='ocrx_word' id='word_1_147' title='bbox 453 3531 483 3584; x_wconf 74' lang='lat'><em>0</em></span> <span class='ocrx_word' id='word_1_148' title='bbox 516 3532 567 3596; x_wconf 68' lang='grc' dir='ltr'>(ιι)</span> <span class='ocrx_word' id='word_1_149' title='bbox 578 3532 706 3594; x_wconf 79' lang='lat' dir='ltr'>imperasti</span> <span class='ocrx_word' id='word_1_150' title='bbox 723 3532 753 3582; x_wconf 76' lang='lat' dir='ltr'>C</span> 
     </span>
    </p>
   </div>
   <div class='ocr_carea' id='block_1_5' title="bbox 0 0 1414 4680">
    <p class='ocr_par' dir='ltr' id='par_1_5' title="bbox 0 0 1414 4680">
     <span class='ocr_line' id='line_1_27' title="bbox 0 0 1414 4680; baseline 0 0"><span class='ocrx_word' id='word_1_151' title='bbox 0 0 1414 4680; x_wconf 95' lang='lat' dir='ltr'> </span> 
     </span>
    </p>
   </div>
  </div>
 </body>
</html>
