2820 4680
168 1153 225 1224 Du
243 1151 357 1223 eudem
375 1153 464 1225 Isota
481 1152 553 1224 haec
570 1151 741 1250 Philippus
755 1152 977 1251 Bergomausis
990 1153 1022 1225 iu

241 1267 471 1366 Supplemeuto
488 1267 711 1366 Suppiemenii
727 1268 957 1342 Chrouicurum

334 1382 495 1471 (Venetis
511 1409 543 1456 u.
567 1383 671 1477 1506,
681 1381 747 1482 foi.
761 1385 856 1478 398)

521 1498 660 1598 protulit.

169 1888 448 2239 ffism
475 1908 655 2004 Nogarola
682 1906 791 2004 patria
812 1906 1022 1981 Veronensis
1053 1934 1063 1988 ς

378 2020 473 2118 virgo
491 2037 527 2093 et
545 2020 689 2094 soemina
707 2021 870 2118 imprimis
891 2021 1021 2096 doctis·

377 2135 462 2209 sima
479 2153 514 2208 et
532 2135 606 2233 ipsa
623 2153 765 2233 propter
774 2135 943 2210 doctrinae
960 2161 1021 2211 ex-

165 2251 358 2323 cellentiam
378 2250 523 2348 priscam
539 2251 627 2324 illam
642 2250 805 2348 virginum
820 2250 1020 2349 dignitatem

165 2364 335 2438 excitasse
353 2365 470 2438 videre
488 2365 559 2438 visa
575 2381 639 2454 est,
657 2363 753 2463 quod
772 2391 894 2440 omnes
924 2366 1021 2441 huius

165 2481 329 2578 temporis
356 2480 480 2554 nedum
501 2481 660 2554 mulieres
681 2479 744 2554 sed
770 2497 806 2554 et
823 2483 1020 2580 plaerosque
1037 2510 1066 2547 10

165 2597 255 2670 viros
273 2598 306 2670 in
325 2598 419 2671 vario
436 2596 576 2670 dicendi
593 2622 723 2695 genere
741 2598 871 2672 anteire
889 2596 1018 2672 dictum

165 2713 216 2785 sit.
255 2712 364 2814 Quod
399 2713 602 2786 confirmant
636 2711 709 2784 eius
742 2713 1019 2790 luculentissimae

165 2827 348 2917 orationes,
367 2853 453 2926 quas
471 2826 625 2901 maximis
641 2826 862 2923 pontificibus
888 2830 1019 2902 Roma-

166 2944 216 3016 nis
229 2943 360 3041 aliquot
377 2943 557 3016 destinavit
575 2942 821 3041 praecipueque
841 2943 906 3017 Pio
926 2945 1019 3017 Pon-

166 3059 260 3150 tifici,
279 3059 358 3132 dum
377 3062 535 3133 Mantuae
548 3075 754 3132 conventum
775 3058 901 3132 habuit.
923 3062 1017 3160 Quae
1034 3086 1059 3141 ις

166 3174 305 3273 quidem
324 3175 434 3249 oratio
452 3191 577 3249 tantam
597 3199 669 3272 prae
682 3199 720 3247 se
739 3174 871 3248 serebat
889 3172 1017 3247 doctri·

166 3310 304 3366 namet
335 3291 477 3365 nitorem
508 3315 550 3365 ac
580 3290 825 3388 eloquentiam,
855 3306 1016 3388 quantam

165 3408 242 3506 quis
259 3407 371 3481 verbis
389 3406 563 3504 explicare
585 3422 713 3503 posset.
744 3405 900 3478 Nicenus
925 3405 1016 3478 enim

166 3523 360 3597 Cardinalis
393 3538 537 3621 utraque
570 3522 684 3620 lingua
712 3519 1019 3596 excellentissimus
