2820 4680
510 588 568 666 ²⁶9

112 784 190 832 cum
208 757 321 832 Maria
334 757 551 855 prophetissa
559 775 596 831 et
606 757 761 831 universa
779 760 964 855 republica

113 889 228 949 nostra
258 873 317 946 tibi
347 873 482 947 obviam
513 897 653 970 egressa
682 874 841 972 hymnum
873 874 964 946 hunc

112 988 331 1064 exultationis
357 1004 425 1062 tam
451 991 579 1079 laetum‚·
606 1006 673 1062 tam
701 988 856 1063 festivum
884 987 964 1062 totis

112 1130 157 1178 ex
174 1103 361 1178 visceribus
379 1103 544 1201 prolerre.
565 1104 655 1204 Quis
672 1104 762 1178 enim
781 1119 849 1178 tam
868 1104 965 1177 inhu-

113 1243 242 1308 manus,
261 1235 328 1292 tam
347 1218 462 1308 durus,
480 1234 548 1292 tam
567 1218 761 1293 devotionis
778 1242 914 1315 expers,
930 1235 967 1291 ut
998 1247 1007 1296 t

113 1360 181 1408 non
217 1349 311 1408 tanta
343 1333 461 1408 laetitia
495 1351 672 1408 moveatur
706 1350 810 1430 atque
840 1332 965 1407 divinae

113 1448 340 1548 providentiae
356 1450 481 1546 gratias
500 1449 635 1537 reserat,
650 1448 745 1546 quod
758 1472 820 1522 sua
837 1447 966 1522 miseri·

113 1564 233 1639 cordia
258 1566 422 1663 populum
450 1567 541 1638 hunc
558 1589 680 1662 vagum
699 1564 771 1638 sine
790 1579 929 1660 pastore
945 1587 967 1636 a

116 1696 214 1754 recto
234 1679 354 1753 itinere
371 1679 556 1769 detortum,
576 1681 608 1753 in
627 1680 778 1753 tenebris
795 1697 964 1754 errantem

113 1821 186 1870 suae
203 1795 290 1870 lucis
308 1794 409 1870 radiis
427 1795 549 1893 sugatis
568 1796 714 1870 nubibus
732 1795 966 1869 illuminaverit
983 1824 1012 1859 10

114 1911 146 1983 in
164 1911 391 2008 semitamque
408 1911 605 1986 reduxerit?
623 1915 715 1986 Haec
732 1929 785 1985 est
801 1911 891 1985 enim
911 1911 967 1986 illa

114 2026 188 2101 dies
214 2051 316 2124 quam
341 2027 424 2101 lecit
441 2027 617 2116 dominus;
644 2029 837 2102 exultemus
853 2044 889 2100 et
906 2029 966 2101 lte-

115 2159 225 2216 temur
251 2142 283 2215 in
309 2167 361 2219 ea.
393 2146 573 2217 Habemus
599 2143 688 2216 enim
716 2160 751 2216 te
778 2141 847 2216 deo
866 2142 966 2217 mise-

114 2276 210 2332 rante
228 2259 428 2357 pontificem
450 2275 606 2333 sanctum
624 2284 645 2333 a
661 2258 731 2332 deo
749 2257 877 2348 datum,
897 2282 965 2331 non

114 2398 196 2448 casu
206 2390 264 2448 aut
273 2374 420 2466 fortuna,
429 2373 493 2449 sed
506 2374 623 2448 divino
636 2375 790 2471 auspicio
803 2375 965 2462 electum,
983 2400 1007 2451 1t

115 2488 353 2564 necimmerito
371 2490 522 2587 quidem,
542 2490 624 2587 quia
640 2489 750 2563 virtuti
769 2491 841 2563 laus
858 2488 966 2563 debe-

115 2621 168 2678 tur
201 2622 237 2679 et
279 2607 399 2679 honor.
443 2605 497 2680 nd
538 2629 641 2703 quam
683 2603 964 2701 consequendam

116 2735 246 2817 quanto
263 2722 394 2809 labore,
404 2721 518 2796 studio
535 2721 754 2811 insudaveris,
764 2720 868 2795 satius
884 2719 966 2793 duxi
1004 2809 1008 2815 Ι

115 2854 244 2927 tacere,
262 2861 340 2910 cum
360 2840 451 2911 nulla
466 2838 510 2911 sit
527 2853 620 2912 tanta
637 2836 776 2912 dicendi
794 2823 855 2926 vis,
873 2850 968 2926 tanta

115 2952 326 3048 eloquentiae
361 2952 515 3042 facultas,
545 2977 625 3050 quae
655 2968 707 3026 tot
741 2968 880 3042 naturae,
915 2966 967 3025 tot
981 2980 1012 3017 20

117 3067 343 3158 humanitatis,
379 3086 429 3143 tot
467 3069 595 3144 virtutis
624 3085 846 3156 ornamenta,
881 3084 968 3164 quot

117 3184 209 3259 duce
239 3200 368 3276 natura,
399 3185 528 3259 comite
558 3184 733 3282 diligentia
758 3199 967 3258 consecutus

164 3404 198 3469 (7)
216 3405 389 3456 referamne
422 3405 513 3467 quic
548 3403 580 3465 (7.
599 3404 741 3468 tllmiaerin
759 3403 789 3452 G
834 3401 967 3467 (rrleniru

116 3498 163 3534 om.
181 3486 208 3535 T.
242 3484 457 3550 (roauspitioc
492 3483 541 3547 (16)
553 3483 668 3546 quidem}
680 3482 794 3545 quode
821 3482 870 3548 (ιθ.
883 3480 921 3545 1⁹)
933 3490 968 3533 ta·

117 3566 255 3615 ceredum
273 3565 303 3615 G
338 3565 388 3629 (22)
405 3574 563 3627 consequtus
581 3564 611 3624 C,
629 3571 806 3626 consequutus
829 3564 856 3612 'R
