2820 4680
840 569 896 632 roo

446 763 519 813 sum
538 741 657 837 ipsam,
672 757 707 813 ut
725 757 848 838 postea
865 766 967 839 quam
985 759 1212 839 conspectum
1234 770 1294 818 no-

445 871 548 927 strum
575 854 638 928 sibi
661 856 828 953 profuisse
854 857 1027 954 cognovit,
1056 883 1123 931 non
1151 860 1295 957 patiatur

446 994 628 1044 corsuum
659 971 746 1046 sicut
776 996 889 1046 ceram
922 973 1126 1072 liquescere,
1158 974 1221 1049 sed
1250 977 1294 1050 ad

447 1110 510 1161 nos
527 1087 628 1161 veluti
647 1086 690 1160 ad
710 1088 835 1186 quietis
853 1089 966 1163 sontes
983 1091 1113 1164 redeat.
1151 1092 1295 1166 Litteras

421 1219 578 1286 snostras
615 1220 650 1276 tu
685 1202 792 1301 ipsam
836 1207 1016 1302 perlegere
1043 1206 1140 1296 iube,
1173 1230 1296 1304 preces

447 1332 520 1392 tuas
545 1317 734 1391 cumulabis
759 1334 795 1391 et
821 1342 895 1392 eam
923 1320 1109 1393 obsecrare
1135 1339 1170 1394 et
1195 1322 1296 1395 obte-

446 1433 525 1508 stari
552 1459 620 1508 non
638 1432 785 1524 desinas,
804 1460 876 1532 quo
896 1437 1174 1532 expectationem
1194 1463 1294 1536 quam

446 1547 493 1623 de
518 1573 556 1623 se
581 1549 767 1623 concitavit
792 1552 940 1648 expleat.
969 1552 1014 1624 Se
1045 1551 1167 1626 dolore
1193 1556 1295 1643 levet,

447 1665 607 1763 quoniam
626 1663 790 1762 quicquid
808 1665 918 1739 solatii
937 1667 1063 1764 capiet,
1082 1668 1181 1742 nobis
1193 1693 1296 1743 acce-

404 1779 517 1855 rodet.
547 1781 628 1854 Non
656 1797 772 1878 potest
797 1783 887 1855 lsota
912 1782 1036 1855 absens
1061 1783 1193 1872 dolere,
1216 1785 1295 1881 quin

447 1896 634 1970 universam
659 1920 864 1994 generosam
889 1921 983 1971 suam
1006 1897 1163 1971 familiam
1182 1915 1218 1972 et
1236 1925 1297 1973 no

446 2029 548 2086 stram
575 2012 606 2084 in
624 2014 751 2086 luctum
770 2013 898 2101 trahat;
918 2011 997 2086 huic
1016 2038 1106 2088 novo
1123 2014 1216 2088 casui
1235 2040 1297 2088 no-

447 2152 523 2200 vum
567 2126 634 2200 loci
674 2128 824 2201 mutandi
858 2128 1035 2203 consilium
1074 2129 1297 2204 adhibeamus

448 2242 614 2317 Foenices
640 2260 740 2318 terrae
766 2261 859 2318 motu
886 2244 991 2318 territi
1026 2246 1148 2320 relicto
1179 2246 1296 2345 patriae

404 2396 430 2448 ις
446 2361 522 2434 solo
539 2359 699 2433 Assirium
718 2377 871 2458 stagnum
891 2360 1001 2459 primo
1019 2388 1098 2437 mox
1118 2364 1199 2437 mari
1219 2389 1298 2462 pro-

446 2474 572 2549 ximum
598 2474 689 2549 littus
714 2475 890 2550 incoluere
915 2476 1057 2552 condita
1082 2480 1176 2567 urbe,
1195 2505 1296 2577 quam

446 2590 628 2690 apiscium
655 2589 868 2664 multitudine
895 2591 1078 2667 Sidoneam
1102 2597 1297 2692 appellave-

447 2723 533 2797 runt,
565 2732 639 2781 nam
676 2708 789 2806 pisces
826 2707 998 2783 Phenices
1023 2707 1133 2783 sidum
1160 2727 1295 2784 vocant.

447 2827 538 2900 lsota
562 2847 642 2922 quae
665 2848 803 2921 semper
829 2824 951 2898 misere
973 2827 1068 2921 luget
1085 2850 1153 2898 non
1172 2826 1298 2922 poterit

403 2979 434 3016 ιο
447 2965 509 3039 per
526 2941 660 3039 aliquos
681 2964 827 3029 menses,
846 2938 962 3037 quoad
981 2939 1169 3027 reviviscat,
1192 2940 1298 3013 domo

447 3058 582 3147 abesse,
600 3081 678 3130 cum
703 3055 782 3128 niltil
803 3055 867 3130 iam
886 3054 976 3129 aliud
995 3072 1110 3144 restat,
1128 3080 1199 3152 quo
1216 3079 1297 3152 pos·

447 3172 490 3246 sit
523 3171 668 3246 lacrimis
701 3170 769 3246 suis
799 3170 938 3247 modum
970 3169 1157 3267 imponere.
1195 3169 1296 3242 Multi

448 3303 605 3386 quaerunt
638 3286 817 3362 consilium
844 3303 880 3360 et
907 3310 974 3361 non
1002 3284 1185 3373 inveniunt,
1216 3308 1298 3359 cura

448 3402 543 3501 quod
561 3402 635 3500 ipsa
651 3402 821 3475 inventum
841 3427 909 3475 non
929 3399 1086 3498 negligat.
1101 3401 1196 3474 Vale.

495 3550 529 3616 (ι)
545 3552 624 3602 ortari
641 3551 671 3602 α
706 3551 755 3615 (ιθ)
766 3550 872 3616 plasium
883 3549 914 3601 C.
932 3547 1073 3600 Sidonem?
1089 3547 1139 3613 (¹9)
1156 3549 1255 3613 pissues
1266 3548 1297 3601 Q
