2820 4680
818 538 858 615 64

413 714 546 786 Pocula
562 713 669 785 semel
682 710 823 808 sumpsi,
842 711 966 808 quibus
989 710 1035 784 ita
1055 727 1265 786 stomacatus

412 825 599 916 sui,utdum
607 825 698 924 prius
708 824 898 898 dubitarem
910 825 956 898 de
965 825 1120 914 sanitate,
1129 842 1265 923 sumpta

412 940 583 1015 medicina
612 964 667 1014 me
697 957 795 1014 certo
825 956 997 1038 aegrotare
1028 940 1262 1039 cognoverim.

412 1059 535 1132 Nullus
553 1056 620 1130 cibi
639 1080 754 1154 sapor,
773 1056 931 1154 corporis
957 1056 1108 1146 dolores,
1129 1074 1166 1131 et
1192 1072 1265 1131 tan-

385 1171 490 1256 sdem
523 1172 761 1272 aegritudinem
785 1172 874 1246 illam
893 1172 1066 1270 pristinam
1094 1172 1265 1247 felicitatis

409 1290 492 1363 loco
503 1289 678 1386 optabam.
693 1287 754 1360 Vir
767 1288 878 1362 bonus
895 1304 932 1362 et
948 1288 1073 1363 doctus
1090 1287 1263 1362 familiaris

409 1420 445 1478 et
468 1403 598 1478 amicus
623 1403 734 1477 doluit
759 1403 921 1500 prolecto
949 1404 1095 1478 maxime
1120 1420 1156 1478 et
1184 1402 1264 1477 mihi

409 1534 532 1615 postea
549 1519 662 1592 verbis
680 1516 811 1591 mederi
829 1517 952 1615 coepit,
963 1518 1087 1615 quibus
1102 1517 1195 1594 brevi
1211 1542 1265 1591 re·

408 1633 543 1708 stitutus
559 1659 643 1709 sum.
673 1633 853 1709 Medicina
878 1634 978 1732 igitur
1003 1635 1036 1707 in
1063 1651 1132 1708 tres
1157 1633 1266 1708 divisa

368 1785 397 1821 ιο
409 1765 524 1846 partes
541 1765 612 1835 est;
633 1772 699 1822 una
716 1749 819 1837 victu,
834 1749 900 1823 alia
913 1748 1185 1838 medicamentis,
1200 1749 1266 1822 alia

410 1888 510 1937 manu
529 1863 694 1937 medetur.
717 1863 832 1937 Prima
848 1880 882 1936 te
904 1863 1045 1951 adiuva3
1073 1864 1105 1936 in
1132 1863 1265 1938 duabus

410 1978 548 2075 reliquis
579 1979 730 2077 partibus
756 1978 969 2076 paucissimis
999 1978 1148 2053 confide.
1180 1980 1267 2053 Sum

411 2111 524 2168 tamen
539 2094 712 2168 clarissimi
727 2095 798 2183 viri,
814 2119 959 2192 quorum
974 2119 1083 2191 opera
1095 2093 1264 2168 interdum

411 2208 612 2306 indigemus,
635 2209 797 2306 quoniam
824 2209 913 2283 sicut
937 2209 1098 2284 alimenta
1124 2233 1264 2283 conser-

370 2340 501 2413 15vant,
518 2323 569 2396 sic
600 2323 783 2398 medicinae
800 2349 880 2421 quae
898 2326 1052 2399 salubres
1079 2342 1116 2399 et
1136 2341 1265 2400 comtae

410 2455 488 2512 sunt
504 2438 683 2512 sanitatem
699 2439 913 2536 pollicentur.
936 2442 1018 2513 Non
1032 2440 1122 2514 enim
1138 2441 1264 2514 bonam

410 2570 518 2629 artem
552 2555 690 2642 damno,
721 2579 790 2652 qua
820 2557 910 2629 nulla
942 2555 1143 2644 saluberior‚
1175 2557 1266 2629 nulla
1374 2562 1378 2575 '

411 2669 556 2768 dignior,
588 2694 666 2744 cum
697 2670 813 2744 tuendi
847 2670 1077 2768 servandique
1108 2669 1266 2768 corporis

411 2810 515 2860 causa
544 2786 689 2883 quesita
714 2802 750 2859 et
776 2786 912 2860 inventa
936 2786 990 2875 sit,
1017 2785 1080 2860 sed
1105 2810 1179 2874 eos,
1206 2785 1264 2883 qui

368 2917 563 2999 20quaestus
596 2900 796 2998 cupiditate,
823 2901 959 2991 malitia,
988 2899 1189 2999 ignorantia,
1217 2901 1265 2974 rei

411 3016 613 3091 difficultate
631 3017 704 3114 ipsa
722 3018 811 3091 bene
830 3016 876 3090 uti
894 3033 952 3091 aut
978 3018 1098 3090 nolunt
1114 3032 1173 3091 aut
1203 3041 1265 3091 ne·

411 3131 532 3206 sciunt.
549 3133 662 3205 Multa
674 3149 762 3222 sunt,
777 3157 856 3230 quae
871 3131 1042 3207 medicum
1057 3131 1146 3206 scire
1159 3155 1266 3228 opor·

460 3438 495 3502 (ι)
510 3441 603 3502 pecula
615 3439 645 3489 C.
679 3439 844 3503 (dlobtabam
857 3439 887 3489 C.
931 3438 1009 3489 dotus
1021 3439 1050 3489 C.
1097 3437 1130 3501 (a)
1148 3440 1217 3502 cepit
1234 3439 1264 3489 c.

414 3518 465 3584 (ις)
477 3520 562 3570 conite
574 3519 604 3569 C.
639 3519 686 3579 (ιι.
706 3519 746 3582 22)
763 3521 851 3570 nolunt
866 3526 910 3568 aut
927 3526 1035 3569 noscunt
1053 3519 1082 3569 G
