2820 4680
664 596 718 662 ¹39

259 780 301 831 ac
328 757 446 831 litteris
472 754 643 854 proditum
662 773 726 845 est,
745 755 772 829 si
789 781 911 830 omnes
928 758 982 830 vel
1000 755 1114 830 satilo·

161 932 165 938 ,
259 896 356 971 quas,
393 890 429 947 ut
458 872 566 969 inquit
595 871 719 963 LiviuS,
749 875 815 962 vel,
843 890 879 946 ut
903 889 1025 946 auctor
1058 889 1111 946 est

258 988 458 1063 Terrentius
474 990 584 1061 Varro
602 989 838 1061 Romanorum
855 987 1111 1076 eruditissimus,

258 1103 418 1179 soeminas
431 1121 536 1194 vates,
551 1126 636 1200 quas
653 1120 789 1177 veteres
806 1103 949 1203 Sibyllae
965 1102 1112 1177 Aeolica

259 1220 372 1318 lingua
405 1220 608 1310 vocitarunt,
643 1219 670 1294 si
705 1220 929 1293 Carmentam
966 1217 1111 1292 Evandri
1143 1255 1152 1307 t

259 1354 411 1426 matrem,
439 1359 541 1434 quam
560 1335 700 1433 quidem
719 1334 884 1432 quasdam
903 1334 1040 1409 Latinas
1058 1334 1110 1407 lit-

205 1547 208 1552 ·
258 1470 347 1526 teras
374 1452 542 1526 invenisse
560 1451 692 1551 plurimi
711 1450 858 1541 tradunt,
875 1451 902 1525 si
920 1451 1109 1549 Aspasiam,

258 1593 337 1665 quae
351 1592 413 1666 per
426 1567 577 1642 Socratis
591 1584 749 1665 tempora
761 1566 884 1656 floruit,
903 1568 930 1640 si
951 1565 1109 1640 Lesbiam

257 1685 410 1781 Sappho,
437 1683 493 1757 cui
520 1699 662 1780 propter
694 1682 828 1781 poesim
855 1681 1011 1756 redimita
1034 1698 1112 1755 sunt

257 1816 416 1896 tempora
445 1801 552 1888 laur0,
582 1798 609 1872 si
636 1798 835 1873 Corneliam
866 1800 1109 1872 Gracchorum
1127 1835 1156 1870 to

257 1931 410 2004 matrem,
437 1915 534 1988 cuius
560 1912 778 1988 doctissimus
802 1938 918 1987 sermo
941 1913 972 1985 in
990 1930 1108 2012 poste·

257 2056 313 2104 ros
326 2048 379 2103 est
393 2030 547 2128 epistolis
569 2029 721 2120 traditus,
736 2029 762 2103 si
782 2029 877 2102 Laelii
896 2029 1008 2120 filiam,
1026 2054 1107 2127 quae

256 2145 434 2242 loquendo
460 2170 533 2243 prae
550 2170 588 2219 se
606 2145 680 2218 tulit
697 2163 872 2244 paternam
890 2145 1107 2241 elegantiam,

255 2261 283 2334 si
309 2260 460 2359 denique
487 2264 536 2362 Q.
567 2261 744 2335 Hortensii
767 2261 879 2351 liliam,
898 2261 996 2336 cuius
1013 2263 1108 2335 lucu·

257 2377 440 2451 lentissima
464 2377 575 2451 oratio
602 2394 691 2452 teste
718 2379 757 2450 F.
783 2377 998 2477 Quintiliano
1015 2375 1107 2475 apud
1124 2414 1150 2466 ις

255 2494 445 2568 triumviros
471 2493 586 2568 habita
611 2494 691 2567 olim
719 2495 909 2592 legebatur,
941 2493 974 2566 in
1004 2517 1107 2568 sexus

256 2611 421 2684 honorem
441 2626 621 2707 tantopere
643 2609 835 2698 admiratur,
854 2610 1018 2698 celebrat,
1036 2632 1107 2682 am·

256 2725 416 2823 plectitur
443 2741 480 2798 et
509 2725 593 2798 colit
622 2742 783 2814 vetustas,
814 2724 897 2822 quid
927 2724 972 2798 de
1003 2726 1108 2797 lsotta

255 2865 388 2915 summo
406 2865 536 2939 genere
554 2858 644 2929 nata,
664 2840 814 2915 omnium
832 2839 962 2938 optima
979 2838 1108 2913 doctis-

255 2956 420 3054 simaque,
435 2955 705 3054 approbantibus
717 2955 888 3044 omnibus,
904 2971 939 3028 ut
951 2954 1001 3027 sic
1011 2953 1108 3027 dixe·
1121 2994 1153 3031 ιο

256 3071 328 3161 rim,
371 3070 435 3145 diis
478 3070 741 3168 hominibusque
783 3069 998 3143 sentiundum
1041 3085 1105 3160 est,

255 3186 352 3261 cuius
381 3187 513 3277 virtute,
549 3185 722 3284 pudicitia,
758 3209 888 3259 morum
923 3184 1106 3283 probitate,

254 3302 447 3377 eruditione
472 3301 599 3375 eximia
615 3301 647 3374 in
665 3300 757 3375 omni
773 3324 904 3398 genere
921 3300 1106 3375 litterarum

255 3419 491 3516 praeclaraque
504 3415 662 3491 doctrina
679 3417 788 3490 libero
805 3415 919 3513 digna,
937 3416 1106 3508 acumine,

253 3534 390 3631 generis
399 3531 596 3632 splendore,
615 3532 735 3624 forma,
747 3532 978 3630 magnitudine
992 3532 1104 3623 animi,
1122 3579 1148 3629 2,
