2820 4680
867 603 924 665 ²7²

460 758 569 832 lexisti
603 756 693 831 enim
729 758 818 831 hanc
852 755 1066 853 disciplinam
1102 782 1169 829 non
1200 758 1309 832 solum

459 872 597 970 privatis
638 871 843 961 hominibus,
884 871 948 947 sed
986 871 1068 969 ipsis
1101 870 1311 970 principibus

459 987 622 1062 maiorem
650 988 683 1060 in
700 987 841 1061 modum
868 985 1108 1076 necessariam,
1125 1003 1162 1060 et
1178 986 1219 1063 iis
1239 1011 1312 1062 ma·

459 1104 560 1194 xime,
583 1105 615 1179 in
634 1128 780 1201 quorum
808 1104 963 1179 manibus
988 1108 1193 1203 populorum
1220 1109 1311 1183 salus

433 1250 442 1297 r
458 1218 523 1293 sita
538 1219 791 1309 essevideatur,
809 1236 991 1296 attestante
1013 1220 1239 1321 Hieronymo,
1256 1247 1312 1298 sa·

458 1334 611 1410 cerdotis
636 1335 788 1410 officium
806 1360 885 1411 esse
903 1337 1145 1434 interrogatum
1164 1361 1309 1436 respon-

458 1450 542 1525 dere
560 1451 606 1526 de
619 1453 707 1549 lege.
728 1453 769 1525 Et
784 1454 910 1528 Paulus
923 1452 1010 1526 inter
1022 1469 1158 1529 ceteras
1171 1453 1311 1530 virtutes

457 1566 615 1664 episcopi
654 1568 817 1658 hortatur,
858 1584 893 1642 ut
922 1591 1094 1643 sacrarum
1124 1569 1309 1666 scriptura·

457 1707 530 1757 rum
555 1683 733 1758 scientiam
755 1685 990 1781 amplectatur.
1021 1685 1148 1759 Daniel
1166 1701 1311 1783 quoque

416 1827 444 1863 10
457 1797 564 1873 iustos
581 1798 711 1896 fulgere
729 1798 814 1872 dixit
830 1800 927 1896 quasi
940 1801 1056 1875 stellas
1069 1816 1105 1874 et
1119 1800 1311 1900 intelligen-

456 1930 508 1988 tes
526 1913 627 1989 idest
644 1913 771 1989 doctos
788 1916 884 2011 quasi
904 1915 1161 1990 firmamentum.
1173 1917 1229 1989 Te
1246 1915 1310 2015 igi·

456 2045 509 2102 tur
539 2031 604 2102 hac
634 2045 727 2104 tanta
761 2047 901 2127 tamque
935 2030 1055 2129 insigni
1088 2030 1246 2106 virtutum
1273 2049 1310 2107 et

454 2143 671 2218 scientiarum
697 2169 829 2220 corona
846 2145 891 2220 ad
910 2148 1104 2220 Romanam
1122 2147 1307 2222 ecclesiam

455 2259 558 2333 veluti
575 2259 620 2333 ad
638 2276 779 2335 matrem
797 2262 1054 2359 confugientem
1073 2287 1116 2336 ea
1134 2278 1307 2360 tamquam

415 2404 438 2455 ¹5
455 2373 561 2449 iustus
578 2375 693 2465 iudex,
703 2377 762 2473 qui
775 2377 889 2451 reddit
903 2378 1087 2475 unicuique
1101 2379 1187 2453 iusta
1199 2402 1310 2476 opera

454 2512 526 2580 sua,
545 2491 657 2565 multis
674 2491 893 2589 dignitatibus
911 2492 1098 2568 decoravit.
1130 2497 1165 2567 ln
1183 2494 1309 2591 quibus

454 2623 582 2704 quanta
596 2607 816 2705 benignitate,
827 2610 1046 2700 humanitate,
1061 2610 1307 2700 misericordia,

455 2721 588 2814 iustitia,
601 2722 767 2822 gravitate
784 2725 918 2815 vixeris,
936 2726 1050 2823 potius
1068 2741 1185 2800 tacere
1203 2751 1306 2824 quam

455 2837 610 2914 inornate
639 2864 797 2914 enarrare
827 2840 978 2930 decrevi,
1009 2842 1112 2916 etiam
1139 2866 1183 2917 ne
1210 2842 1242 2917 in
1269 2869 1308 2918 re

410 2984 441 3020 ιο
455 2954 629 3030 notissima
671 2973 806 3054 tempus
848 2974 964 3031 teram.
1019 2958 1173 3033 Existunt
1213 2960 1305 3035 enim

455 3087 522 3144 tam
542 3074 709 3168 praeclara
731 3088 768 3146 et
793 3071 932 3147 illustria
949 3072 1076 3148 iudicia
1092 3090 1160 3163 tua,
1179 3092 1216 3149 ut
1233 3077 1307 3151 nul·

453 3185 515 3260 lius
557 3186 711 3283 quamvis
752 3187 1020 3285 eloquentissimi
1068 3190 1192 3265 nedum
1228 3217 1307 3266 mea

501 3481 535 3545 (a)
559 3482 596 3545 at]
618 3495 649 3533 ae
673 3483 704 3534 c
738 3484 776 3535 his
804 3487 830 3535 7.
876 3485 911 3551 (ς)
933 3494 1075 3538 mutante
1098 3489 1248 3552 hyeronimo
1271 3490 1303 3541 G

453 3557 503 3623 (12)
520 3560 646 3612 latatanta
661 3563 689 3612 T.
723 3562 922 3627 (ruliuxarlac
