2820 4680
655 552 715 619 457

257 706 415 793 demissa,
447 724 609 782 enervata
633 724 670 782 et
695 708 956 809 quodammodo
981 711 1111 785 servilis

256 846 329 896 sum
347 822 552 897 accusanda.
583 823 749 922 Denique
775 849 839 923 per
862 825 1044 922 epistolam
1061 825 1111 899 ais

257 962 313 1012 me
339 938 420 1011 nihil
447 962 586 1036 prorsus
611 963 655 1011 ex
682 956 718 1013 te
743 940 832 1013 velle
871 965 985 1038 neque
1012 940 1110 1037 quic-

256 1078 357 1151 quam
377 1079 440 1151 per
465 1053 679 1128 insolentiam
694 1053 955 1152 quodammodo
982 1056 1110 1153 magni·

257 1169 360 1241 ficare
378 1193 489 1241 rerum
509 1185 649 1242 tuarum.
670 1171 705 1242 ln
728 1194 800 1267 quo
826 1171 927 1266 plane
954 1195 1022 1243 non
1048 1170 1108 1242 tibi
1143 1202 1152 1253 ς

256 1283 434 1372 assentior,
470 1308 665 1382 quanquam
708 1284 842 1380 gravius
880 1301 1003 1381 questa
1035 1310 1109 1357 sum

255 1414 360 1495 atque
370 1398 544 1471 iracundia
557 1396 704 1494 quadam
719 1396 764 1471 ad
777 1415 812 1471 te
826 1398 982 1496 proxime
990 1399 1110 1497 scripsi

256 1537 302 1585 eo
320 1513 410 1611 quia,
434 1530 470 1585 ut
495 1513 623 1597 aiebas,
651 1513 765 1587 nescis
790 1512 886 1611 quod
914 1530 1108 1611 portentum

257 1627 452 1701 incohatum
472 1628 579 1724 magis
603 1652 624 1700 a
646 1645 763 1702 natura
780 1654 883 1726 quam
904 1629 1108 1716 absolutum,

257 1741 285 1815 is
301 1758 366 1832 est,
385 1759 421 1815 ut
438 1742 606 1840 suspicor,
624 1742 798 1817 Antrodus
811 1768 958 1841 nequam
973 1769 1015 1818 ac
1030 1769 1109 1843 pro-
1126 1782 1155 1818 ιο

255 1881 332 1945 cax,
348 1857 486 1955 ingenio
499 1856 642 1931 sordido
654 1882 697 1932 ac
712 1858 832 1946 leroci,
846 1883 949 1956 quem
965 1884 1029 1958 pro
1041 1860 1110 1933 suis

255 1971 640 2063 demeritisodi,odero,
652 1974 756 2049 immo
766 1975 891 2049 utinam
902 1975 1021 2050 ulcisci
1029 2001 1110 2073 pos-

255 2113 328 2162 sem
348 2129 392 2140 -
411 2087 474 2162 sed
493 2088 583 2162 illum
602 2105 688 2186 puto
706 2089 914 2165 ulciscentur
927 2089 1108 2165 foedissimi

255 2226 298 2278 ac
315 2203 453 2301 pessimi
473 2228 586 2277 mores
603 2204 653 2277 sui
666 2245 710 2256 —
722 2205 808 2278 salso
821 2205 866 2278 de
885 2230 941 2279 me
958 2206 1109 2304 vulgarat

256 2341 312 2391 me
330 2343 398 2393 non
417 2320 610 2409 honestate,
627 2318 691 2392 sed
712 2319 850 2394 avaritia
867 2320 1152 2419 ctcupiditate15

255 2432 451 2524 adductam,
471 2437 540 2508 hoc
557 2451 611 2508 est
628 2460 696 2508 non
715 2452 750 2509 te
768 2435 831 2508 sed
857 2460 938 2534 quae
959 2453 1016 2510 tua
1033 2452 1111 2511 sunt

257 2548 443 2624 ferventius
460 2574 604 2639 amasse,
623 2550 719 2648 quod
736 2574 839 2649 supra
856 2537 996 2625 modum
1014 2577 1108 2650 aegre

256 2667 472 2764 molesteque
496 2665 567 2753 tuli,
600 2666 789 2764 praesertim
815 2665 967 2766 quando,
1002 2684 1111 2744 testor

257 2781 405 2854 coeleste
431 2805 567 2871 numen,
589 2782 637 2854 ob
663 2781 819 2879 egregias
840 2784 950 2855 solum
969 2782 1109 2857 virtutes

257 2898 519 2996 tuas‚singulare
530 2898 887 2996 ingeniumsummam
902 2898 1108 2996 probitatem
1124 2939 1155 2973 ιο

256 3031 361 3111 atque
378 3014 616 3101 constantiam,
635 3038 716 3112 quae
733 3013 873 3111 quidem
892 3014 1007 3087 omnia
1034 3016 1107 3112 pul-

256 3131 425 3205 cherrime
450 3149 556 3230 atque
581 3133 747 3230 praeclare
766 3131 798 3202 in
820 3131 931 3205 oculis
955 3132 1106 3206 omnium

255 3246 320 3322 sita
336 3264 424 3338 sunt,
451 3247 648 3321 necessario
665 3264 790 3321 coacta
816 3248 945 3321 sueram
964 3247 1106 3320 mirifice

302 3511 336 3575 (r)
353 3511 455 3560 dimissa
470 3512 500 3561 C.
535 3512 585 3574 (ιι)
602 3511 685 3561 odere
702 3512 732 3561 C.
