2820 4680
557 614 609 680 ³73

156 771 305 846 Carmina,
324 790 412 851 quam
428 771 530 832 recitet
546 770 608 832 fixis
623 790 705 832 sacra
719 771 795 833 sama
808 771 909 834 lituris.
1031 787 1073 840 ²⁰5

159 869 225 929 Hos
240 888 297 948 ego
312 869 374 930 iure
389 887 504 948 sequar,
523 866 610 929 veluti
626 887 678 929 sua
694 870 816 950 pignora
831 882 931 931 mater.

159 967 218 1026 llic
231 967 346 1027 animus
358 967 401 1026 vir
416 984 534 1047 semper
548 967 610 1040 erit,
630 967 698 1026 mihi
714 979 813 1028 cetera
827 968 932 1029 desint.

199 1064 277 1123 Haec
292 1063 340 1124 ubi
355 1062 433 1124 dicta
446 1062 536 1124 semel
547 1081 707 1143 rursusque
718 1064 883 1144 iterumque
894 1065 1013 1139 tedicus,

158 1161 299 1240 Denique
314 1160 377 1220 finis
391 1172 454 1220 erat
469 1160 606 1241 precibus
622 1158 794 1240 blandisque
810 1163 937 1242 parentis

158 1256 290 1331 Deliciis,
308 1275 375 1317 cum
392 1257 467 1316 lama
483 1257 567 1331 volat,
586 1276 645 1317 non
660 1257 771 1318 artibus
786 1258 849 1319 ullis
1033 1278 1079 1315 κιο

158 1355 269 1434 Ingenii
293 1354 479 1434 eloquiumve
496 1365 596 1435 petant
611 1355 780 1434 meritisque
796 1355 923 1415 savorem

160 1455 232 1513 Esse
250 1453 344 1513 minus
359 1465 533 1534 promptam,
555 1471 610 1513 nec
623 1455 712 1514 lsotta
722 1452 776 1514 hac
785 1453 871 1514 laude
887 1465 1019 1515 movetur

160 1552 226 1609 Nec
242 1551 351 1631 rapitur
361 1551 448 1611 titulis
462 1550 547 1631 vulgi,
567 1551 619 1612 sed
635 1562 734 1612 mente
748 1551 858 1612 volutat

156 1648 280 1709 Assidue
294 1648 374 1727 quod
390 1660 509 1729 praestat
522 1667 598 1729 opus
611 1649 793 1709 committere
808 1648 904 1724 samue,

158 1746 241 1824 Quae
255 1745 348 1806 valeat
362 1764 444 1807 veras
459 1746 561 1807 laudes
575 1746 712 1808 conferre
727 1745 829 1807 beatis.

160 1846 230 1904 Hoc
245 1844 344 1905 animo
357 1854 388 1904 et
402 1863 511 1926 pompa
526 1844 661 1924 neglecta
673 1863 807 1924 auroque
822 1845 938 1905 micanti

161 1946 198 2003 Et
212 1944 317 2003 virtute
332 1941 388 2003 dea
401 1942 491 2003 ducta
506 1943 582 2003 inter
596 1943 715 2003 numina
729 1942 796 2003 coeli

161 2041 345 2122 philosophis
358 2041 482 2122 primum
497 2059 529 2101 se
545 2039 659 2102 dedidit
672 2052 762 2121 atque
777 2040 906 2122 parentis

161 2141 285 2199 Naturae
299 2150 413 2199 secreta
427 2158 514 2199 manu
529 2138 683 2219 complexa
697 2139 792 2198 tenaci

161 2236 299 2296 Moribus
313 2236 486 2296 incumbens
500 2233 589 2295 civilis
604 2235 692 2316 plena
705 2235 820 2296 decoris

161 2334 220 2392 lam
236 2331 303 2391 coeli
319 2344 431 2393 secreta
445 2331 523 2392 subit
537 2343 747 2413 praeceptaque
762 2332 865 2394 summi

160 2430 370 2511 Contemplata
387 2431 461 2491 lovis
476 2430 630 2491 doctorum
646 2431 802 2511 aenigmata
815 2429 897 2491 solvit

163 2529 200 2586 Et
215 2540 324 2587 reserat
340 2527 433 2588 nodos
448 2545 615 2608 arcanaque
630 2527 753 2608 plurima
768 2528 855 2588 novit.
942 2561 945 2565 >

161 2627 282 2704 lamque
298 2624 434 2685 Leontini
448 2624 546 2685 similis
561 2625 783 2705 Carmenteque
807 2635 888 2684 creta

160 2725 256 2801 Atque
272 2733 394 2802 parente
408 2740 461 2782 sua
475 2721 567 2782 maior
581 2720 663 2783 dedit
676 2740 728 2782 ore
742 2722 858 2783 diserto

164 2819 251 2879 Plura
266 2819 332 2880 viris
350 2819 492 2880 discenda
508 2819 596 2894 novis,
616 2820 700 2899 queis
715 2837 838 2880 noscere
853 2829 973 2900 possent

162 2918 347 2978 Communes
361 2916 512 2978 hominum
527 2934 639 2989 sensus,
660 2935 716 2977 nec
729 2916 844 2977 disserit
859 2915 906 2976 illa

162 3015 244 3093 Quae
259 3013 342 3094 plebs
358 3012 447 3074 blaesa
461 3013 544 3074 solet.
562 3013 621 3075 Sed
637 3014 659 3074 si
674 3012 745 3094 quid
760 3014 873 3075 acutius
887 3012 962 3074 ullus
1036 3066 1038 3070 .

164 3113 282 3172 Dixerit
293 3114 445 3192 interpres,
465 3111 621 3172 meditatur
631 3112 766 3172 acumine
780 3130 895 3173 summo

166 3212 203 3270 Et
219 3211 290 3270 mira
304 3229 372 3271 cum
386 3209 474 3271 laude
490 3210 588 3271 resert.
608 3211 668 3270 lam
683 3209 796 3271 vatibus
810 3227 897 3289 aequa
1036 3235 1083 3282 230

163 3308 354 3370 Carminibus
369 3307 498 3389 loquitur
507 3325 667 3388 versusque
683 3319 786 3390 putare
800 3307 909 3369 Sibillae

211 3574 276 3638 (2¹⁴)
293 3582 391 3637 perstat
412 3575 439 3622 V.
474 3573 540 3639 (τιό)
557 3587 617 3637 qun
630 3575 658 3623 V.
692 3573 1022 3639 (228lblesassblesul'.
