2820 4680
847 565 884 626 62

438 759 522 808 auro
540 734 655 824 cincti
685 735 730 808 ad
748 752 871 809 terram
899 762 1007 833 usque
1033 737 1138 834 togati
1166 739 1290 809 multos

439 849 579 948 quidem
598 849 702 924 libros
729 850 922 947 inspiciunt,
950 876 1044 926 raros
1069 851 1288 949 perdiscunt;

439 963 627 1039 doctissimi
645 965 747 1039 etiam
774 965 912 1064 quidam
940 967 998 1039 viri
1026 983 1153 1043 nostrae
1177 967 1289 1042 aetatis

438 1096 527 1169 sunt,
541 1079 600 1178 qui
615 1081 746 1178 optime
759 1080 934 1179 disputant
946 1099 982 1156 et
996 1083 1145 1180 pessime
1158 1099 1287 1156 sanant.

414 1229 423 1280 ς
440 1197 545 1268 Nulla
561 1196 681 1269 artium
710 1195 893 1287 difficilior,
914 1200 1003 1271 nulla
1029 1198 1288 1286 inconstantior,

438 1313 529 1386 nulla
544 1312 672 1409 saepius
694 1329 831 1401 mutata,
852 1314 941 1386 nulla
967 1312 1130 1387 fallacior.
1159 1315 1229 1410 Spe
1254 1329 1291 1386 et

437 1427 553 1501 salutis
565 1427 750 1502 dulcedine
760 1428 956 1526 cuicunque
969 1453 1007 1502 se
1022 1428 1193 1503 medicum
1209 1453 1290 1525 pro·

438 1543 544 1616 litenti
562 1542 725 1633 creditur,
745 1543 915 1618 mendacii
934 1543 1118 1618 credulitas
1145 1560 1288 1618 mortem

436 1658 510 1732 sine
539 1658 690 1733 vindicta
719 1675 816 1756 parat
844 1676 890 1748 et,
917 1660 1012 1757 quod
1042 1659 1193 1733 deterius
1226 1676 1290 1749 est,

397 1809 427 1847 ιο
438 1772 622 1849 defunctos
640 1774 874 1849 indoctissima
889 1776 988 1849 turba
1001 1775 1197 1850 criminibus
1211 1799 1291 1872 pro-

437 1890 607 1986 sequitur:
636 1890 720 1964 alius
747 1890 1029 1988 intemperantiae,
1047 1891 1132 1965 alius
1153 1890 1289 1978 laboris,

438 2005 522 2079 alius
532 2005 776 2080 inobedientiae
785 2006 974 2097 damnatur,
984 2006 1181 2081 defenditur
1193 2006 1290 2103 igno-

438 2120 555 2194 rantia.
593 2122 894 2196 Ostentationibus
927 2138 963 2196 et
995 2121 1105 2220 gloria
1143 2120 1289 2218 imperiti

437 2236 788 2335 experimentatores.
805 2296 812 2310 .
829 2295 836 2309 .
853 2238 959 2335 magis
973 2236 1079 2310 videri
1097 2260 1198 2334 quam
1212 2260 1290 2310 esse

397 2389 422 2440 ις
437 2351 518 2426 vitae
535 2369 797 2426 conservatores
826 2352 973 2427 student.
1004 2355 1141 2424 Mutant
1168 2352 1290 2425 herba-

438 2492 510 2540 rum
529 2467 677 2558 nomina,
696 2492 740 2542 ne
757 2469 859 2566 vulgo
878 2483 960 2541 nota
980 2467 1057 2558 sint,
1076 2483 1291 2564 componunt

437 2582 592 2658 antidota
620 2608 664 2657 ex
691 2582 827 2657 infinitis
852 2583 950 2657 variis
983 2582 1290 2680 diversissimisque

438 2700 539 2774 rebus
553 2700 769 2796 inaequalium
783 2698 988 2798 ponderum,
1010 2723 1081 2795 quo
1093 2721 1214 2772 eorum
1236 2722 1291 2772 ars

437 2813 669 2890 admirabilior
709 2815 868 2913 scituque
910 2813 1084 2887 difficilior
1116 2812 1288 2902 videatur;

394 2971 425 3007 ιο
438 2930 634 3029 producunt
653 2931 874 3029 aegritudines
896 2930 979 3004 lucri
998 2953 1120 3016 causa;
1140 2928 1290 3003 infirmos

437 3044 607 3119 debilitari
642 3047 788 3121 maxime
819 3047 990 3145 patiuntur
1022 3042 1220 3142 aliquando,
1255 3061 1291 3118 ut

436 3159 615 3235 videantur
626 3187 689 3237 sua
705 3162 864 3238 doctrina
872 3163 1001 3236 animas
1009 3162 1055 3236 ab
1065 3160 1181 3235 inseris
1191 3184 1290 3233 revo-

437 3299 536 3351 casse
553 3293 590 3351 et
604 3277 746 3376 gloriae.
767 3336 774 3351 .
795 3337 803 3352 .
822 3303 884 3354 sua
901 3276 1120 3376 improbitate
1137 3276 1181 3350 ad
1199 3300 1290 3350 mor-

485 3541 535 3606 (19)
551 3541 655 3605 situque
673 3541 703 3592 C.
