2820 4680
718 645 773 704 3²4

355 800 388 859 ln
403 797 483 878 ligno
496 796 541 857 vili
557 795 643 856 mella
656 794 791 857 recondit
804 796 876 878 apis.

315 897 409 958 Caeca
420 894 487 955 iicet
501 905 620 956 cautum
636 893 710 955 male
727 912 810 956 mens
824 893 955 976 disponit
967 903 1107 970 aratrum,

357 994 456 1054 Nemo
470 991 545 1052 valet
560 1002 640 1053 recte
654 991 783 1053 scribere
798 989 865 1052 luce
879 1008 992 1053 carens.

256 1104 298 1164 285
313 1091 391 1152 Vasa
404 1089 459 1151 sub
473 1089 581 1151 incauti
596 1088 674 1168 figuli
690 1088 810 1149 fornace
825 1088 972 1170 peribunt,

357 1189 448 1248 Mens
462 1186 518 1248 sub
531 1187 648 1247 avaritia
662 1184 776 1267 perdita
790 1185 871 1265 sugat
884 1204 966 1268 opes.

317 1285 407 1347 Multi
421 1286 443 1347 si
459 1284 602 1345 fabricent
614 1284 724 1364 aliquid
738 1284 789 1346 dat
801 1283 918 1366 pondus
932 1302 1077 1367 opusque,

357 1383 515 1444 Luctantes
529 1381 628 1464 cupidi
642 1381 714 1443 dant
728 1400 781 1443 sua
795 1399 889 1461 seque
904 1382 979 1442 neci.

314 1481 464 1562 Spernens
479 1481 571 1541 iustus
584 1498 658 1561 opes
670 1479 767 1540 multis
781 1465 935 1541 miseretur
948 1480 1058 1560 egenis,

257 1607 303 1653 ιφ
357 1576 475 1640 ealon
491 1576 568 1638 nulla
582 1578 655 1658 petit
669 1576 813 1659 pluraque
828 1577 935 1657 quaerit
948 1578 1046 1638 homo.

319 1675 478 1737 Pestiferos
493 1674 605 1757 peliunt
619 1685 770 1755 unguenta
784 1675 882 1758 opima
897 1673 1025 1749 dolores,

358 1775 460 1835 Omne
475 1772 571 1834 bonus
584 1773 683 1834 vitium
700 1772 804 1853 frangit
818 1791 919 1834 amore
935 1773 992 1853 pio.

318 1872 459 1934 Concava
481 1888 563 1952 saepe
582 1882 692 1932 nocent
705 1870 742 1931 ad
757 1889 902 1951 equorum
916 1869 1053 1933 scandala
1066 1889 1173 1933 cursus

362 1971 400 2031 Et
410 1969 495 2030 sociis
510 1967 628 2051 planum
643 1969 741 2030 turbat
753 1988 856 2031 avarus
870 1970 932 2031 iter.
1168 1966 1171 1972 '

259 2095 302 2148 ²93
321 2069 391 2130 Non
407 2067 457 2128 obi
472 2067 617 2149 praebebit
629 2066 727 2128 oleum
744 2068 797 2128 nisi
812 2067 903 2129 bacca
915 2078 1026 2141 coacta,

361 2167 432 2226 Non
447 2165 498 2225 tibi
511 2164 562 2226 dat
576 2163 665 2226 linum
682 2165 710 2225 ni
726 2165 820 2247 primo
834 2176 934 2226 aretur
947 2183 1025 2245 ager.

321 2265 392 2324 Non
408 2262 485 2323 moia
497 2262 548 2324 dat
561 2273 671 2343 gratam
686 2263 784 2324 cribro
798 2263 851 2324 nisi
865 2272 944 2324 tersa
957 2263 1088 2338 farinam,

362 2362 432 2422 Non
448 2361 501 2421 nisi
515 2370 638 2440 cogatur
652 2360 765 2442 praebet
778 2379 882 2422 avarus
892 2379 974 2442 opes.

319 2458 407 2541 Saepe
422 2458 497 2540 pilus
510 2457 607 2519 turbat
620 2457 723 2519 calami
738 2458 891 2519 scribentis
905 2477 1029 2520 acumen

263 2587 307 2634 ,ω
361 2556 583 2636 Communique
608 2555 687 2616 bono
701 2556 919 2617 mixtusavarus
932 2557 1027 2618 obest.

323 2654 422 2715 Pictor
437 2671 555 2733 nanque
570 2653 650 2734 prius
664 2653 784 2735 proprio
798 2652 848 2713 dat
862 2653 944 2733 signa
957 2653 1057 2715 colore

363 2752 402 2812 Et
415 2769 468 2811 sua
481 2750 590 2830 cuique
604 2750 643 2832 pii
658 2750 859 2830 praemeditata
872 2750 979 2813 serunt.

319 2847 442 2928 Sanguis
456 2847 552 2908 Azach
567 2847 649 2908 susus
662 2847 769 2909 doceat
782 2858 811 2908 te
827 2848 903 2928 regis
916 2849 1017 2929 iniqui,

364 2947 409 3008 Ut
422 2945 472 3005 tibi
487 2945 543 3006 sint
556 2955 667 3006 tuamet
681 2964 740 3006 non
755 2945 850 3007 aliena
863 2945 941 3007 velis.

264 3073 304 3126 ³⁰5
321 3090 329 3105 .
349 3091 379 3104 ..
398 3090 405 3104 .
423 3042 543 3104 asestam
558 3044 748 3123 constringe.
767 3090 774 3104 .
794 3091 801 3104 .
820 3090 828 3105 .
846 3054 1024 3106 memoratus
1038 3063 1168 3121 avorum,

362 3141 441 3203 Cum
457 3139 563 3222 pluviae
577 3151 717 3221 superant
730 3141 894 3222 insitoque.
910 3188 917 3202 .
933 3188 940 3202 .
957 3188 964 3203 .
983 3152 1100 3203 nocent.

369 3352 434 3417 (282)
450 3355 517 3403 mele
532 3354 563 3404 (2
597 3353 662 3418 (28⁶)
679 3354 819 3418 sugeriac
859 3354 925 3419 (²⁸9)
942 3356 1026 3418 hopes
1042 3355 1072 3406 G
1107 3354 1174 3421 (ης)

322 3436 396 3483 oieua
413 3433 443 3483 G
477 3433 543 3498 (²97)
561 3435 594 3484 N.
613 3437 677 3484 mala
689 3434 715 3483 d.
734 3449 771 3498 gr.
789 3435 885 3485 crebro
902 3449 926 3484 n.
944 3435 1044 3485 tensas.
1064 3435 1094 3495 Q
1112 3449 1171 3485 corr.

322 3511 432 3563 Atmt‘titoe
454 3513 595 3564 stauraci.
629 3513 694 3577 (298)
717 3516 800 3576 hopes
819 3515 850 3565 C.
883 3513 949 3578 (ιω)
966 3515 1122 3578 comunique
1140 3515 1171 3567 C

323 3595 389 3659 (306)
409 3595 494 3646 venua
509 3592 637 3646 &mamus
656 3596 698 3646 art.
