2820 4680
658 602 708 659 ¹4¹

255 752 334 824 nihil
369 753 535 827 amantius
573 778 639 828 nec
678 755 960 829 honorificentius
990 779 1105 851 neque

255 867 392 941 uberius
417 870 462 942 ab
484 867 622 942 Andrea
640 885 700 943 tuo
717 869 785 944 dici
804 870 963 968 potuerit.
984 872 1105 970 Quare

255 1007 319 1080 pro
345 1000 402 1056 tua
427 984 552 1057 eximia
577 984 761 1083 divinaque
787 985 909 1059 virtute
933 1009 1104 1082 nunquam

255 1098 437 1172 obliviscar
471 1125 525 1173 me
560 1100 706 1175 maxima
738 1118 774 1175 et
817 1101 970 1199 plurima,
1002 1100 1107 1174 immo

255 1214 380 1288 omnia‘
396 1216 454 1289 tibi
472 1215 613 1290 debere.
642 1220 684 1291 Et
711 1243 754 1291 ne
781 1216 914 1314 longius
932 1240 1009 1289 mea
1027 1239 1107 1289 eva·
1139 1255 1149 1306 t

255 1347 356 1427 getur
380 1332 536 1430 epistola,
563 1334 729 1432 reliquum
756 1350 820 1422 est,
844 1357 921 1406 mea
938 1335 1053 1417 lsotta,
1072 1347 1108 1404 ut

258 1447 336 1520 mihi
364 1448 396 1520 in
422 1473 540 1523 amore
567 1450 790 1548 respondeas,
819 1473 906 1537 nam,
931 1466 966 1521 ut
1000 1447 1108 1544 inquit

260 1566 310 1636 M.
351 1565 494 1655 Tullius,
530 1565 608 1638 nihil
644 1566 753 1640 minus
786 1564 930 1638 hominis
963 1562 1107 1651 videtur,

258 1704 360 1776 quam
389 1705 456 1754 non
478 1681 690 1778 respondere
708 1681 742 1753 in
759 1704 876 1754 amore
896 1679 934 1752 iis
948 1702 968 1751 a
984 1677 1108 1774 quibus

259 1796 469 1893 provoceris.
498 1799 619 1897 Quare
650 1822 705 1870 me
735 1795 855 1893 diligas
872 1820 936 1868 oro
969 1795 1108 1888 hocque
1125 1835 1154 1871 ιο

259 1910 431 2009 proprium
471 1936 513 1985 ac
548 1929 639 1985 tuum
675 1937 753 1986 esse
787 1910 887 1984 velim
923 1909 1107 1983 existimes.

261 2028 444 2101 Postremo
457 2027 537 2124 quia
551 2027 597 2101 ita
613 2027 770 2116 suaviter,
788 2026 981 2124 diligenter,
999 2023 1110 2099 oflici-

258 2167 321 2217 0se
347 2160 451 2241 atque
478 2144 667 2217 humaniter
691 2144 843 2218 scribere
869 2145 972 2231 soles,
1000 2140 1110 2214 incre-

260 2256 364 2332 dibile
378 2276 441 2347 est,
457 2274 618 2356 quantum
634 2284 703 2357 ego
716 2278 752 2333 et
765 2257 949 2356 voluptatis
966 2274 1003 2330 et
1020 2256 1110 2329 lruc·

260 2393 313 2449 tus
342 2373 422 2471 cepi
452 2399 496 2447 ex
526 2374 565 2447 iis
595 2374 659 2448 tuis
694 2373 943 2448 iucundissimis
981 2372 1108 2446 litteris.
1128 2415 1152 2463 ις

259 2492 331 2564 Abs
344 2508 379 2563 te
393 2489 502 2587 igitur,
518 2515 594 2564 mea
608 2494 723 2580 lsotta,
738 2491 820 2564 licet
838 2490 924 2563 inter
943 2513 1006 2562 nos
1021 2489 1112 2561 nulla

261 2605 465 2680 familiaritas
491 2605 682 2680 intercedat
709 2630 774 2679 nec
801 2624 835 2679 te
866 2605 911 2678 de
930 2603 1018 2678 facie
1037 2602 1112 2700 qui·

261 2721 340 2795 dem
367 2721 530 2811 noverim,
558 2740 670 2795 tamen
699 2721 913 2811 humanitatis
939 2720 1010 2792 iure
1028 2735 1112 2815 peto

261 2854 297 2911 et
313 2839 464 2935 postulo,
484 2854 519 2910 ut
537 2863 605 2912 non
624 2840 733 2912 solum
755 2838 806 2911 his
824 2834 1038 2934 respondeas
1060 2833 1112 2906 lit·

261 2954 351 3043 teris,
377 2953 440 3028 sed
467 2953 567 3027 etiam
587 2954 712 3052 saepius
729 2953 774 3027 ad
793 2978 855 3028 nos
872 2953 1013 3041 scribas,
1031 2966 1067 3024 et
1084 2950 1111 3023 si
1127 2995 1157 3034 20

261 3094 331 3142 rem
359 3071 482 3143 nullam
510 3069 598 3145 lorte
624 3070 779 3158 habebis,
798 3067 895 3167 quod
914 3068 946 3140 in
965 3069 1111 3140 buccam

260 3186 402 3276 venerit,
428 3185 579 3260 scribito.
608 3186 641 3259 Si
661 3189 729 3260 hoc
748 3185 883 3275 leceris,
902 3208 979 3257 mea
997 3186 1112 3271 lsotta,

262 3319 298 3376 ut
312 3318 346 3376 te
359 3326 423 3400 pro
437 3319 495 3376 tua
512 3300 701 3376 incredibili
720 3300 928 3375 humanitate
947 3300 1112 3373 iacturam

309 3575 359 3640 (ις)
375 3575 446 3639 coepi
463 3575 493 3626 c.
528 3573 578 3639 (19)
594 3574 668 3624 tiso
