2814 5116
659 983 712 1064 285

257 1170 294 1227 et
310 1178 432 1227 omnes
458 1153 490 1225 in
517 1152 790 1244 admirationem,
808 1170 984 1252 stuporem
1003 1155 1111 1230 devo·

258 1271 458 1366 tionemque
476 1268 694 1366 perduceret.
727 1271 890 1367 Cumque
907 1295 1110 1346 sacrosanc-

258 1403 325 1459 tam
370 1388 564 1458 Romanam
599 1385 783 1459 ecclesiam
827 1386 860 1458 in
903 1387 1032 1460 ruinam
1067 1412 1110 1462 ae

257 1502 510 1575 deformitatem
538 1501 682 1574 tendere
708 1501 851 1593 videret,
878 1520 1027 1599 quantos
1053 1504 1112 1579 ille

256 1617 393 1690 labores
410 1616 523 1707 subiit,
541 1642 644 1714 quam
661 1617 813 1715 gloriosa
826 1619 1013 1692 certamina
1031 1643 1109 1716 per-
1142 1650 1151 1702 t

256 1733 341 1823 tulit,
372 1756 474 1829 quam
510 1734 644 1821 multos,
670 1757 773 1830 quam
801 1732 911 1807 varios
936 1734 1109 1809 discursus

256 1847 352 1936 obiit,
392 1863 429 1919 ut
457 1848 704 1921 sanctissimam
735 1848 838 1921 iidem
869 1850 913 1921 ab
943 1849 1108 1946 improbis

256 1964 416 2037 hereticis
443 1963 628 2037 miserrime
646 1981 802 2038 vexatam
828 1964 896 2037 suis
913 1990 934 2038 e
954 1965 1108 2040 manibus

254 2080 426 2170 liberaret,
444 2080 560 2152 omnia
575 2105 711 2177 genem,
729 2080 844 2153 omnia
868 2096 1049 2177 temptans,
1072 2096 1109 2154 ut

255 2211 425 2292 prostrata
442 2211 635 2293 resurgeret
661 2211 697 2268 et
719 2211 852 2268 mortua
869 2195 1104 2269 revivisceret!
1123 2225 1154 2263 ιο

255 2312 413 2385 Tandem
457 2330 536 2408 post
574 2313 678 2384 muita
712 2327 904 2408 temporum
940 2311 1108 2386 curricula

254 2427 384 2524 vigitiis,
411 2427 597 2516 laboribus,
624 2426 766 2515 ieiuniis,
788 2426 999 2500 orationibus
1018 2427 1108 2500 insu-

254 2542 370 2616 dando
413 2545 576 2639 templum
619 2540 746 2614 domini
781 2542 1017 2615 corroboravit
1062 2543 1108 2616 ab

254 2658 386 2730 oriente
414 2682 523 2753 usque
549 2657 581 2729 in
608 2657 842 2746 occidentem,
870 2659 960 2731 bella
981 2659 1107 2732 hereti-

255 2798 374 2845 corum
401 2773 550 2861 abstulit,
576 2797 670 2847 arma
694 2791 731 2846 et
751 2789 849 2847 scuta
870 2798 990 2847 eorum
1008 2799 1148 2855 com-15

255 2888 362 2960 bussit
388 2888 455 2984 igni
478 2890 731 2986 tropheumque
750 2889 795 2962 de
813 2890 980 2987 superatis
997 2889 1106 2964 inimi-

254 3002 304 3074 cis
317 3003 512 3098 reportavit.
525 3006 627 3077 Tune
636 3028 855 3102 cognoscens
865 3007 953 3079 hanc
964 3005 1106 3080 Christo

253 3117 380 3190 servire
423 3119 641 3216 cupientibus
683 3119 883 3217 dignitatem
921 3145 1104 3195 onerosam

253 3233 419 3333 sarcinam
439 3233 583 3307 suturam
605 3235 745 3309 abiecto
763 3237 893 3333 galero
911 3235 1034 3310 relicto
1051 3261 1106 3310 se·

253 3352 344 3438 culo,
359 3367 561 3447 contempta
574 3349 738 3448 dignitate
749 3353 923 3424 heremum
935 3351 1104 3448 ingressus
1119 3380 1151 3416 κο

253 3481 316 3554 est,
335 3490 411 3538 eam
434 3465 569 3563 erigens
595 3466 795 3564 religionem
818 3492 899 3563 quae
916 3466 1105 3540 arctissima

300 3710 333 3774 (1)
359 3712 382 3760 in
404 3720 473 3774 stup.
500 3713 533 3762 G.
574 3713 606 3775 (ι.
625 3712 650 3776 4)
673 3714 697 3762 in
719 3714 805 3762 miram
828 3714 881 3763 dei.
901 3714 934 3763 G.
977 3712 1011 3776 (7)
1028 3713 1105 3763 tidem

252 3800 331 3840 sanct.
352 3794 385 3841 G.
416 3791 449 3854 (9)
470 3793 582 3841 liberare
600 3793 633 3842 G.
665 3800 804 3855 tempestas
830 3794 863 3843 G.
898 3792 946 3858 (ιι)
964 3803 1043 3856 temp.
1061 3807 1106 3843 cu·

252 3874 319 3920 mula
338 3874 371 3921 G.
414 3872 462 3936 (15.
484 3873 521 3936 16)
541 3873 589 3936 igni
607 3873 736 3923 combuxit
759 3875 792 3923 G.
834 3874 884 3937 (18)
904 3888 976 3924 ouer.
1000 3887 1047 3923 om.
1069 3875 1102 3924 G.

253 3950 301 4015 (19)
309 3960 422 4001 suturam
432 3953 465 4003 G.
500 3952 549 4017 (21)
561 3952 677 4016 errigens
692 3952 725 4013 Β,
744 3953 845 4020 erigam
856 3955 890 4005 G.
914 3953 1054 4006 rectissima
1068 3955 1102 4005 G.
