2814 5116
651 1045 704 1112 ²⁰5

251 1199 384 1272 videtur
410 1201 481 1272 Eva
506 1199 612 1295 magis
639 1198 802 1272 meruisse
829 1197 1101 1295 redemptionem

252 1338 352 1411 quam
363 1312 721 1415 demonem-Quod
729 1331 843 1387 autem
854 1313 1103 1387 mulieromnes

253 1455 376 1528 poenas
402 1431 461 1502 viri
487 1448 523 1503 et
550 1429 623 1528 ipsa
641 1429 787 1527 patiatur
800 1447 836 1504 et
853 1433 939 1504 ultra
963 1453 1102 1526 eaquae

252 1545 446 1620 communia
475 1562 553 1619 sunt
582 1547 656 1620 sola
685 1547 773 1643 parit
802 1569 880 1618 cum
915 1545 1038 1618 dolote
1067 1560 1103 1618 et

251 1661 323 1734 viro
349 1660 485 1734 subdita
511 1677 574 1748 est,
592 1660 694 1733 etiam
714 1663 791 1734 haec
810 1686 865 1734 me
884 1661 915 1732 in
933 1658 1104 1734 sententia
1136 1689 1145 1735 t

251 1777 465 1864 confirmant,
476 1775 566 1872 quia,
582 1792 617 1848 ut
630 1775 711 1864 dixi,
726 1800 829 1849 omne
844 1777 970 1849 bonum
986 1791 1039 1848 est
1051 1774 1101 1848 sui

252 1891 356 1989 ipsius
373 1891 574 1979 diffusivum,
592 1907 628 1963 et
646 1908 777 1988 quanto
794 1891 900 1964 maius
918 1906 1014 1964 tanto
1032 1913 1102 1963 ma·

252 2007 303 2104 gis
336 2031 375 2080 se
405 2007 647 2080 communicat.
681 2008 729 2080 lta
757 2024 792 2079 et
819 2009 941 2079 malum
972 2021 1103 2102 quanto

253 2122 359 2195 maius
368 2139 463 2195 tanto
481 2123 644 2219 mugisse
662 2122 905 2210 communicat,
923 2137 958 2194 et
972 2136 1102 2218 quanto

253 2237 358 2335 magis
383 2261 421 2310 se
448 2237 679 2309 communicat
697 2253 792 2310 tanto
809 2237 915 2334 magis
933 2253 1049 2324 nocet,
1067 2252 1102 2309 et
1119 2263 1149 2302 ιο

253 2370 382 2448 quanto
412 2353 519 2451 magis
546 2369 650 2425 nocet
677 2369 773 2425 tanto
800 2353 905 2426 maius
923 2369 985 2426 est.
1018 2354 1100 2425 Item

253 2468 441 2542 secundum
461 2493 651 2542 mensuram
662 2468 779 2542 delicti
797 2469 861 2542 erit
878 2486 914 2542 et
926 2471 1101 2567 plagarum

254 2582 384 2657 modus.
409 2584 513 2657 Unde
532 2584 690 2657 Christus
708 2585 813 2658 voluit
830 2584 862 2657 in
882 2608 987 2658 cruce
1005 2584 1102 2668 moti,

254 2700 335 2772 licet
352 2700 577 2796 turpissimum
592 2716 628 2772 et
638 2700 884 2773 atrocissimum
894 2723 1003 2797 genus
1012 2723 1102 2772 mot·

254 2814 295 2887 tis
313 2813 423 2901 suerit,
446 2815 478 2886 in
502 2839 570 2911 qua
586 2814 740 2888 sustinuit
760 2814 966 2912 generaliter
982 2838 1103 2889 omnes
1119 2842 1144 2893 ις

209 2944 211 2947 ’
254 2929 430 3025 passiones
447 2930 636 3004 secundum
655 2955 772 3028 genus.
786 2929 890 3004 Unde
900 2930 1048 3003 Isidorus
1056 2929 1103 3004 de

254 3044 418 3118 trinitate:
442 3045 629 3142 Unt'genitus
646 3045 701 3119 dei
718 3045 805 3141 filius
821 3046 869 3118 ad
884 3044 1103 3144 peragendum

254 3160 360 3233 mortu
375 3185 447 3233 suoe
462 3170 695 3234 sacramentum
712 3185 951 3234 consummasse
961 3185 998 3233 se
1009 3185 1105 3234 omne

250 3300 351 3372 genus
372 3276 563 3375 passionum
580 3285 720 3367 testatur,
741 3301 812 3350 cum
831 3276 980 3350 inclinato
997 3275 1104 3375 capite

254 3391 356 3464 emisit
377 3391 528 3489 spiritum.
559 3393 683 3466 Ratio:
712 3392 792 3489 quia
817 3417 925 3491 poena
949 3393 1103 3467 debebat
1117 3421 1148 3458 ιο

300 3677 332 3738 (a.
358 3676 379 3737 3)
404 3678 495 3726 mulier
519 3679 612 3739 patitur
636 3690 725 3727 omnes
749 3691 839 3739 poenas
864 3677 909 3724 viri
933 3686 959 3725 et
985 3678 1050 3726 ultra
1073 3677 1101 3725 L.

255 3757 288 3818 (t)
306 3758 361 3819 ipsu
376 3759 431 3806 solu
448 3757 478 3806 G
513 3757 547 3818 (t)
564 3757 639 3805 etiam
655 3757 748 3806 hoecet
760 3771 800 3805 me
812 3759 838 3806 1..
874 3756 1100 3806 intententinmc

255 3836 288 3898 (7)
306 3851 338 3885 m.
357 3844 396 3885 est
412 3844 482 3887 tanto
499 3836 528 3886 C.
564 3836 597 3898 (8.
610 3836 635 3898 9)
650 3836 683 3885 ita
699 3845 725 3885 et
742 3850 774 3884 m.
792 3850 836 3897 qu.
853 3851 884 3885 m.
903 3845 920 3884 t.
939 3850 971 3884 m.
989 3849 1019 3885 se
1035 3849 1103 3887 com·

137 3928 140 3933 ·
254 3917 424 3966 munientem.
442 3917 471 3965 C.
507 3916 933 3979 (15.16)omnespuss.gener.1..
967 3914 1103 3977 (16)Unde

254 4010 301 4046 om.
311 3999 339 4046 1..
360 3996 484 4047 laoderus
502 3997 530 4046 C
566 3997 615 4060 (ιθ)
633 4009 797 4046 consumme
809 3997 839 4046 C.
