2820 4680
516 601 566 661 113

113 756 242 841 litteris,
263 756 385 829 nuntiis
413 772 550 851 rogatus
581 758 772 853 plerunque
799 782 854 828 me
880 780 965 829 con-

113 871 206 960 tinui,
225 872 352 969 pluries
370 871 504 970 penitus
522 871 695 945 abstinere
713 871 864 960 decrevi,
884 897 927 944 ne
945 895 966 944 a

112 987 258 1084 publicis
277 987 472 1060 muneribus
491 985 706 1076 divertend0‚
726 986 784 1060 tibi
805 1011 872 1060 non
892 989 965 1084 pla·

111 1101 228 1176 cendo
246 1103 298 1176 bis
316 1102 432 1176 facere
450 1104 552 1175 stulte
571 1100 749 1176 iudicares.
776 1103 964 1198 Nunquam

112 1234 224 1291 tamen
253 1217 331 1291 mihi
359 1216 568 1315 persuadere
591 1217 779 1316 potuissem
810 1234 845 1291 te
864 1217 964 1291 nobis
998 1245 1007 1292 t

111 1332 238 1407 litteras
265 1332 347 1408 dare
374 1350 534 1431 tanquam
562 1359 633 1407 rem
661 1335 873 1430 prophanam
891 1332 964 1405 exi-

110 1447 248 1522 stimare
273 1465 332 1522 aut
349 1472 470 1521 munus
487 1446 556 1522 deo
572 1464 704 1545 gratum
725 1447 799 1520 sore
817 1445 964 1520 credere

111 1589 237 1637 vovere
263 1563 488 1638 ascribendo
506 1564 683 1638 desistere.
712 1562 782 1636 Sed
800 1561 962 1661 quoniam

112 1679 194 1753 tanti
221 1697 255 1753 te
283 1679 385 1768 facio,
413 1679 508 1777 quod
536 1697 593 1753 tua
617 1681 692 1754 sola
717 1680 871 1752 voluntas
897 1677 962 1751 vim

111 1794 203 1892 apud
230 1821 285 1868 me
312 1795 397 1892 legis
423 1796 538 1884 habet,
566 1795 625 1868 tibi
653 1818 783 1867 morem
804 1799 908 1890 g'ere;
935 1792 963 1868 si
981 1822 1009 1858 10

111 1936 244 1985 summo
262 1910 342 2000 deo,
361 1911 388 1985 si
404 1911 463 1985 tibi
478 1910 629 1985 tacendo
642 1910 769 1984 servire
781 1909 963 1997 arbitraris,

112 2052 247 2100 menses
270 2027 301 2100 in
328 2029 431 2102 lustra
447 2030 500 2101 vel
517 2044 640 2101 aetates
656 2042 832 2100 converte.
860 2028 965 2100 Sacra

111 2142 252 2239 vestigia
276 2168 412 2240 sequar,
432 2168 474 2216 ne
501 2142 654 2216 caelestia
677 2159 735 2216 tua
762 2142 881 2215 itinera
902 2167 965 2238 per

112 2284 167 2331 me
186 2258 422 2356 impediantur.
441 2261 511 2332 Pro
524 2259 662 2333 summis
676 2276 789 2333 tamen
803 2276 839 2333 et
853 2259 963 2334 incre·

112 2373 270 2448 dibilibus
288 2375 353 2449 tuis
370 2374 546 2448 virtutibus
564 2392 598 2449 te
616 2375 818 2462 venerabor,
837 2377 963 2466 colam,
980 2402 1004 2443 n

110 2491 364 2565 sicutUrsulam
383 2516 460 2566 cum
475 2491 579 2565 sociis
595 2491 871 2566 sanctissimis...
892 2491 964 2565 iure

110 2632 215 2704 spero
233 2608 294 2681 nisi
312 2631 391 2681 cum
409 2633 588 2705 supremus
606 2608 661 2682 itte
680 2606 794 2682 iudicii
812 2607 888 2680 dies
905 2632 963 2680 ve-

112 2724 208 2797 nerit.
237 2727 292 2797 Tu
320 2725 450 2798 interea
475 2750 531 2798 me
557 2749 654 2820 saepe
672 2724 736 2797 tuis
747 2723 818 2820 piis
834 2722 963 2797 oratio·

112 2837 209 2912 nibus
234 2839 366 2925 adiuva,
394 2839 535 2937 quando
562 2838 703 2937 quidem
729 2862 799 2935 ego
824 2862 963 2935 semper

112 2970 146 3027 te
180 2954 281 3028 etiam
317 2956 453 3029 invitam
487 2955 531 3029 ad
566 2955 680 3029 sidera
713 2953 870 3039 deferre,
906 2970 991 3028 tuaz

111 3069 238 3167 scripta
270 3069 315 3145 ad
349 3072 435 3145 alios
477 3074 530 3144 vel
576 3071 620 3145 ad
655 3095 710 3143 me
745 3069 837 3167 prius
870 3068 965 3143 edita

111 3184 228 3259 videre
259 3212 327 3260 non
358 3186 498 3261 desisto.
534 3189 617 3261 Hoc
647 3184 865 3271 interdicere,
896 3186 965 3259 hoc

159 3396 192 3459 (a)
209 3397 452 3459 destinereacceruj
463 3413 494 3448 ne
505 3399 535 3449 C.
571 3398 620 3462 (ιι)
630 3399 653 3447 in
664 3399 759 3446 illustra
768 3397 798 3447 C.
832 3397 881 3460 (1⁶)
897 3398 964 3459 cum}

112 3484 139 3525 et
155 3476 185 3526 t:
221 3478 289 3527 iurre
307 3480 337 3528 C.
372 3478 556 3542 tacunoesigne
571 3491 614 3544 ego
628 3476 719 3528 addtdt
753 3477 803 3540 (ιο)
819 3478 922 3528 sciderat
933 3477 963 3527 C.

112 3557 162 3618 ‘22)
178 3555 252 3606 debat
264 3572 339 3621 quam
353 3561 409 3623 post
424 3559 587 3610 interdicere.

166 3682 225 3725 botae
240 3677 350 3733 Nogrroloe
363 3679 440 3736 Opera.
454 3679 478 3721 lt.
844 3665 859 3711 3
