2820 4680
833 551 893 608 4¹0

434 703 515 803 gine
539 704 662 803 gentis,
689 729 756 779 nec
782 721 915 802 quaerat
940 705 997 779 hic
1023 720 1140 780 noster
1164 704 1289 795 luctus,

435 844 536 917 quam
563 844 681 894 crasso
706 821 883 918 laqueario
909 821 999 895 fulva
1024 820 1163 894 metallo
1193 844 1291 892 mon·

435 934 525 1009 tibus
553 952 611 1009 aut
631 938 700 1010 alta
734 936 838 1010 Grais
867 935 984 1010 ellulta
1013 936 1173 1011 intestant
1206 935 1293 1011 atria

434 1067 623 1148 congestos
660 1051 741 1125 satis
775 1050 988 1149 explicatum
1022 1051 1178 1142 clientes,
1223 1075 1290 1125 nec

408 1167 596 1264 soccupati
622 1191 737 1241 sumus
762 1192 964 1242 enumerare
991 1166 1115 1242 divitiis
1150 1192 1290 1266 praepo-

433 1300 546 1357 tentes
564 1281 688 1356 domos
705 1308 792 1380 quas
810 1283 941 1382 possint
959 1308 1055 1356 mero
1069 1283 1288 1358 committere

432 1424 586 1496 gemmas
603 1415 661 1472 aut
678 1423 795 1472 aurum
814 1400 943 1472 molare
962 1397 1058 1471 cibis.
1087 1402 1182 1499 Quae
1196 1399 1290 1472 bona

434 1513 581 1588 fortunae
610 1530 748 1611 quantae
780 1512 903 1586 suerint
929 1530 966 1586 et
990 1514 1057 1587 sint
1083 1513 1115 1586 in
1142 1529 1288 1611 utraque

434 1629 569 1719 familia,
589 1628 652 1727 ipsi
671 1629 792 1704 melius
810 1630 992 1728 percipere
1005 1654 1107 1726 quam
1131 1654 1200 1727 ego
1225 1654 1288 1703 ex·

390 1780 420 1816 10
434 1745 562 1843 plicare
581 1770 729 1844 possum.
753 1749 846 1820 l-laec
863 1763 976 1819 tamen
995 1769 1288 1819 commemorasse

433 1861 477 1935 ad
493 1861 526 1934 id
541 1861 640 1935 nobis
653 1860 821 1951 conferat,
837 1877 872 1934 ut
886 1859 1099 1934 documento
1116 1860 1159 1934 sit
1175 1860 1287 1933 omni-

434 1977 498 2050 bus
515 1974 681 2050 hodierna
708 1976 783 2049 dies
801 2001 869 2049 non
887 1974 1101 2049 extrinsecus
1119 1973 1287 2072 pendere,

433 2090 496 2165 sed
516 2092 547 2164 in
567 2091 665 2165 nobis
682 2091 763 2165 sitas
776 2115 854 2165 esse
867 2107 1032 2188 oportere
1046 2092 1136 2164 bene
1149 2088 1288 2164 vivendi

433 2207 601 2296 rationes3
622 2207 673 2279 his
690 2207 780 2279 enim
795 2230 876 2303 quae
890 2204 997 2279 modo
1010 2205 1079 2278 dixi
1095 2230 1199 2278 nemo
1212 2231 1286 2280 me-

391 2356 417 2409 15
433 2322 507 2412 lior,
528 2346 630 2395 nemo
656 2321 807 2395 sanctior
828 2320 975 2394 eflicitur
997 2345 1063 2394 nec
1081 2344 1124 2394 ea
1141 2336 1288 2418 possunt

434 2438 523 2510 hanc
541 2437 641 2510 nobis
662 2437 763 2511 vitam
783 2434 1012 2534 praetendere,
1040 2435 1138 2510 cuius
1163 2435 1286 2510 dulce-

433 2552 514 2625 dine
553 2551 687 2626 deliciis
712 2553 892 2626 affluentes
919 2552 1055 2626 nimium
1083 2553 1288 2649 plerumque

433 2667 956 2766 capisolemus.Necenimquae
969 2668 1062 2741 bona
1074 2667 1289 2764 appellamus

433 2784 525 2857 bona
536 2800 625 2874 sunt,
643 2781 706 2858 sed
720 2782 821 2856 animi
837 2782 942 2856 nostri
957 2781 1101 2856 ludibria
1110 2781 1284 2879 quaedam.

390 2935 420 2971 ιο
435 2900 524 2972 Nam
543 2899 571 2972 si
589 2924 652 2972 nos
669 2898 835 2996 tantisper
852 2896 931 2972 dum
954 2897 1094 2972 vivimus
1112 2897 1287 2971 illecebris

432 3014 501 3087 suis
519 3038 596 3088 raro
613 3012 844 3104 demulceant,
861 3013 1047 3087 morientes
1069 3037 1147 3086 cum
1165 3013 1287 3087 convi-

433 3129 490 3202 cio
515 3127 688 3203 deserunt.
719 3129 812 3201 Nihil
831 3130 952 3202 horum
976 3128 1075 3226 igitur
1091 3152 1188 3201 suum
1205 3152 1287 3202 esse

432 3261 528 3318 recte
546 3244 624 3343 quis
641 3242 765 3317 dixerit
782 3242 877 3342 quod
897 3269 965 3317 non
984 3260 1155 3342 perpetuo
1173 3244 1287 3342 possi·

479 3429 514 3494 (2)
531 3429 656 3490 liqueario
667 3429 697 3479 C.
733 3427 840 3478 oum
851 3428 912 3476 totus
923 3425 988 3476 lom
999 3427 1119 3490 comtptua
1128 3428 1170 3476 cst·
1195 3426 1230 3490 l7l
1242 3441 1287 3490 fle·

434 3509 511 3557 minas
530 3508 559 3556 C.
594 3507 643 3570 (¹9)
663 3506 804 3556 ludibriora
821 3507 851 3556 C.
