2814 5116
632 1273 743 1348 LXX.

559 1534 670 1595 (brixioe,
686 1547 709 1582 a.
731 1535 810 1597 ¹45³»)

289 1766 344 1814 Non
375 1767 452 1828 potest
483 1763 626 1814 secutaribus
655 1763 753 1828 negotiu
779 1763 872 1814 deditus
895 1763 976 1814 diuina
1002 1765 1075 1828 aqui.

315 1998 496 2072 Ludovicus
509 2002 712 2073 Fuscarenus
725 2000 824 2073 Isotoe
836 1999 1016 2098 Nogarolae
1023 2001 1056 2075 S.

408 2308 510 2365 ¹urus
536 2308 599 2381 per
623 2283 750 2358 litteras
771 2301 856 2374 tuas,
876 2300 912 2358 ut
928 2283 1107 2359 desideriis
1138 2327 1148 2378 ς

279 2403 291 2511 ,¹
339 2451 351 2478 r
378 2414 423 2499 fgtp
454 2399 656 2490 forensibus,
675 2399 820 2497 publicis
837 2417 873 2474 et
891 2399 1027 2497 privatis
1044 2398 1106 2474 de-

261 2516 265 2525 ’
385 2514 421 2576 '2
455 2515 582 2589 relictis
608 2515 698 2589 idem
726 2515 821 2614 quod
848 2533 882 2589 tu
908 2515 1051 2589 sentiam
1069 2533 1106 2590 et

254 2649 385 2728 optem,
403 2631 492 2706 sicut
508 2631 639 2706 amicos
652 2630 768 2722 decet,
783 2656 927 2730 quorum
942 2629 1033 2706 idem
1052 2647 1106 2705 est

254 2748 343 2820 veile
384 2764 420 2820 et
454 2748 555 2820 nolle.
601 2746 755 2820 Maxime
802 2770 965 2843 cuperem
1000 2769 1105 2844 posse

255 2861 457 2936 Christianis
474 2861 764 2936 admonitionibus
777 2885 909 2960 parere,
924 2860 987 2935 sed
1001 2863 1106 2960 longa
1121 2902 1151 2939 ω

254 2978 318 3068 via,
344 2979 483 3076 longum
511 2977 610 3051 nobis
636 2977 736 3053 maris
762 2977 827 3052 iter
852 2977 1025 3052 arandum.
1046 2978 1102 3050 Tu

254 3095 287 3167 in
312 3112 507 3168 sanctorum
529 3110 661 3193 patrum
680 3093 847 3191 exemplis
864 3093 1017 3184 versuris,
1035 3118 1104 3191 ego

254 3209 335 3284 nihil
351 3235 428 3309 ugo.
449 3209 522 3311 Qui
539 3208 584 3284 ud
602 3209 737 3284 vivendi
753 3235 873 3309 genus,
891 3209 987 3308 quod
1004 3232 1104 3283 sanc·

253 3326 381 3401 tissime
406 3325 515 3417 ducis,
533 3351 571 3400 se
596 3325 865 3400 accommodare
890 3324 1103 3416 studuerunt,

253 3465 317 3540 per
334 3442 470 3532 samem,
487 3441 587 3532 sitim,
602 3441 738 3540 frigora,
756 3441 936 3532 nuditates,
954 3441 1103 3531 labores,
1120 3479 1145 3529 ις

252 3559 393 3656 vigilias,
411 3559 546 3650 ieiunia,
563 3559 737 3634 orationes
758 3557 929 3659 progressi
954 3574 1044 3649 sunt,
1070 3558 1103 3631 in

252 3675 409 3764 heremo,
423 3674 456 3747 in
469 3676 630 3767 claustro,
645 3674 678 3747 in
694 3673 803 3750 domo
820 3674 891 3749 deo
903 3673 1102 3763 servientes,

301 3931 348 3979 Nr.
369 3941 420 3991 30⁴·
454 3929 504 3994 (17)
522 3931 612 3979 bermo
629 3929 659 3980 C
