2820 4680
516 945 570 1015 lV.

152 1152 198 1211 (Ex
216 1154 379 1202 Pratalboino
396 1168 484 1203 mense
503 1157 617 1204 Ianuario
631 1170 654 1204 a.
676 1170 742 1216 1441,
763 1165 789 1205 ut
805 1157 928 1220 videtur.)

470 1362 608 1433 lasus,

114 1574 278 1643 Zeneveru
290 1569 332 1642 de
346 1571 520 1644 Gambara
537 1570 719 1644 doctissimo
735 1570 894 1669 compatri
907 1596 967 1643 suo

261 1685 446 1760 Durrmuno
462 1686 504 1759 de
520 1691 627 1785 Burgu
643 1686 703 1760 sul.
720 1687 766 1784 pl.
786 1686 818 1759 d.

297 1957 472 2009 unaaroar
505 1938 573 2010 hoc
601 1954 770 2034 tempore,
788 1953 969 2034 compater
1001 1979 1011 2029 ς

130 2042 135 2063 “
195 2039 210 2129 ῥ
247 2068 286 2130 m
318 2050 542 2139 ornatissime,
561 2076 639 2124 cum
658 2077 725 2125 una
741 2077 894 2126 essemus
911 2055 968 2128 hic

123 2199 161 2235 ,ι
202 2134 285 2259 sm
317 2165 409 2264 apud
440 2191 506 2253 me,
538 2167 684 2241 maxima
713 2167 854 2266 quidem
887 2195 966 2243 cum

113 2287 288 2384 voluptate
315 2301 451 2381 pactum
470 2283 542 2373 suit,
561 2300 597 2356 ut
614 2300 649 2356 te
680 2310 748 2357 non
766 2284 861 2381 sugit,
881 2285 968 2361 inter

114 2426 187 2491 nos,
206 2426 291 2500 sepe
317 2417 353 2473 ut
370 2398 517 2472 vicissim
536 2398 664 2473 litteras
686 2398 853 2473 daremus.
883 2404 967 2502 Qua

113 2541 211 2590 exre
238 2516 384 2590 maxima
409 2514 525 2608 leticia
550 2515 673 2588 affecta
698 2514 756 2604 sui,
782 2540 859 2588 cum
886 2517 967 2615 quia
983 2560 1012 2596 ιο

113 2657 157 2706 ex
175 2632 240 2705 tuis
257 2631 376 2706 litteris
393 2629 522 2729 aliquid
545 2629 626 2703 boni
649 2629 799 2729 novique
812 2631 963 2728 legendo

113 2771 251 2844 semper
267 2746 449 2834 discerem,
473 2761 542 2818 tum
558 2744 638 2843 quia
656 2770 711 2817 me
725 2744 790 2818 iam
808 2744 866 2819 diu
885 2745 965 2820 dor-

113 2862 275 2937 mientem
285 2887 437 2937 asomno
446 2860 625 2935 excitares.
641 2859 711 2934 Sed
725 2877 761 2934 ut
775 2859 855 2933 mihi
869 2861 964 2936 vide

112 2993 165 3050 tur
189 2993 247 3052 aut
273 2976 489 3075 negligentia,
516 2976 544 3050 si
570 2976 684 3074 aliqua
713 2975 745 3048 in
764 2992 798 3050 te
824 2993 888 3066 est,
907 2994 964 3051 aut

106 3093 179 3170 mei
193 3093 378 3183 oblivione,
389 3091 497 3166 idate
511 3091 648 3165 minime
659 3092 785 3165 sactum
799 3109 861 3166 est
879 3094 964 3166 Pre·
980 3136 1006 3187 15

111 3209 226 3283 sertim
241 3235 319 3283 cum
334 3209 503 3307 teipsum,
519 3207 577 3306 qui
595 3224 631 3281 et
649 3207 788 3305 ingenio
817 3225 853 3282 et
870 3225 962 3283 etate

111 3325 348 3424 sapientiaque
373 3350 429 3399 me
446 3323 624 3398 antecellis
650 3321 731 3420 (hui,
758 3323 841 3421 quid
859 3323 929 3397 dixi
940 3323 962 3419 l)

112 3439 216 3514 immo
237 3459 375 3515 ceteros
384 3440 620 3539 sapientiores,
635 3456 672 3513 ut
684 3438 887 3538 principium
902 3439 962 3513 da-

111 3580 166 3630 res
182 3554 406 3631 attenderem.
422 3555 493 3630 Sed
507 3572 543 3630 ut
555 3572 657 3630 antea
669 3554 872 3647 dictumest,
882 3579 961 3630 cum

809 3697 853 3745 aa*

843 3750 855 3797 l
