2814 5116
694 605 713 662 4

278 760 382 847 niunt,
401 781 524 830 omnes
550 773 639 829 tuam
661 753 820 828 irradiant
837 752 1038 842 dictionem,
1056 751 1129 826 ani·

277 871 441 947 madverti
468 870 547 945 stilo
580 870 744 944 orationis
777 885 963 957 commota,
996 884 1128 965 quanto

277 987 323 1061 tui
353 1012 472 1061 amore
501 986 641 1075 afficiar,
667 985 859 1083 significare
885 983 1004 1056 litteris
1030 981 1128 1071 ineis,

277 1127 483 1201 quamquain
510 1119 546 1175 et
572 1102 604 1175 id
632 1126 748 1199 parum
775 1099 947 1173 concinne
966 1115 1035 1172 turn
1063 1123 1127 1196 pro

251 1218 401 1317 tingenii
437 1217 612 1308 tenuitate,
646 1236 716 1290 tum
747 1216 827 1313 quia
861 1216 893 1288 in
927 1213 1129 1313 eloquentia

278 1359 394 1432 parurn
421 1331 606 1406 admodum
632 1350 766 1405 versata
795 1357 879 1406 sum.
917 1330 1015 1432 Quid
1045 1328 1127 1405 dioo

277 1466 422 1538 versata,
448 1472 526 1521 cum
557 1448 612 1521 vix
644 1449 785 1545 primurn
813 1447 940 1521 aditum
976 1446 1128 1544 ingressa

277 1565 365 1640 siin?
407 1564 558 1661 Tibique
598 1565 671 1661 ipsa
705 1566 937 1661 congratulor,
973 1587 1054 1659 quoe
1082 1559 1128 1637 ad

278 1794 377 1857 miglior
393 1794 473 1843 forme
490 1794 583 1843 ridotta
600 1809 615 1843 e
636 1795 661 1842 di
679 1795 748 1842 varie
772 1795 891 1857 aggiunte
908 1793 941 1842 ed
957 1794 1128 1844 osservazioni

277 1874 418 1923 arriccbita„
437 1875 522 1924 Torno
533 1875 619 1924 Terzo
631 1874 752 1924 dedicato
763 1876 786 1922 ai
803 1875 894 1937 Signor
912 1874 996 1923 Contc
1013 1873 1129 1927 ouotico

278 1955 385 2005 Ottolini
403 1956 537 2005 veronese
555 1969 570 2003 e
588 1955 673 2005 Gonte
690 1953 758 2003 della
774 1956 886 2004 Custoza
906 1968 945 2003 ec
973 1955 1000 2003 ln
1017 1953 1130 2005 Venetia

279 2034 475 2083 MDccxuvl.
501 2036 596 2084 Presso
620 2035 795 2085 Giambattista
811 2034 917 2083 Albrizzi
935 2048 961 2095 q.
981 2035 1128 2099 Girolaraoa

279 2127 304 2176 p.
326 2114 376 2171 toli,
402 2127 417 2162 e
439 2113 531 2163 codice
554 2128 627 2163 ntanu
644 2116 741 2178 scripto
758 2117 835 2175 paulo
852 2115 957 2162 liberius
974 2115 1129 2178 interpolato

280 2193 365 2243 iacobi
379 2193 491 2242 Soranm
505 2194 581 2242 edita
607 2196 728 2256 Denique
745 2195 900 2243 Constantine
917 2195 1070 2256 epistolase
1085 2206 1129 2245 cu-

279 2273 337 2322 dice
357 2273 523 2323 Bibliothecae
539 2275 714 2324 Riccardianae
731 2277 775 2338 (N.
793 2276 834 2323 lll.
851 2274 910 2323 cod.
928 2276 1008 2323 chart.
1027 2274 1050 2323 in
1068 2288 1091 2334 4
1103 2288 1128 2325 u.

279 2353 348 2414 XV.)
366 2353 460 2415 publici
478 2354 539 2403 iuris
556 2353 615 2403 lecit
633 2354 729 2403 Lamus
746 2356 769 2403 in
789 2355 927 2417 «catalogo
944 2354 1062 2403 codicum
1080 2342 1129 2403 nra·

279 2433 467 2495 nuscriptorurn
495 2435 538 2496 qui
564 2435 587 2482 in
616 2434 775 2483 Bibliotheca
800 2433 967 2484 Riccardiana
992 2433 1129 2484 florentie

278 2513 453 2562 adserventur.
474 2514 578 2563 Liburni
589 2515 774 2563 Moccuvi.»
793 2529 818 2575 p.
835 2526 886 2573 1⁴7.
905 2514 956 2572 148.
973 2513 1129 2564 Sancassanii

280 2601 306 2642 et
331 2592 430 2642 Cineliii
447 2593 583 2653 editiones,
610 2607 673 2655 quas
691 2595 750 2642 Set
768 2594 791 2643 C
807 2594 895 2642 litteris
910 2593 1059 2649 notavimus,
1077 2592 1129 2643 olli·

279 2674 351 2725 close
375 2674 512 2738 descripsit
538 2676 633 2724 Petrus
655 2675 808 2738 sguinrer03
831 2675 909 2723 lamii
933 2674 1074 2724 editionem
1088 2672 1130 2738 (L)

280 2755 336 2818 ipse
353 2755 459 2818 inspexi.

327 2835 467 2896 (tivanna
475 2836 506 2896 C,
517 2836 675 2885 Varanelal„
705 2838 790 2885 lsottae
803 2837 938 2899 Nagarolae
949 2836 979 2885 C.
998 2835 1033 2899 (4)
1042 2836 1128 2900 Quum

280 2916 307 2964 1„
326 2915 360 2978 (ς)
378 2915 499 2965 lsottaC
534 2916 566 2978 (7.
577 2916 602 2977 θ)
620 2915 662 2964 ubi
683 2928 760 2977 nque
777 2923 842 2964 sent.
863 2924 890 2965 et
911 2915 941 2965 C

326 2994 359 3057 (ι.
386 2996 410 3058 a)
432 3009 533 3045 omnem
557 3005 625 3046 tuam
656 2997 776 3046 irradiant
800 2996 954 3057 dictionem,
974 3030 1127 3046 ........

279 3077 338 3126 stilo
351 3074 405 3140 (alc)
420 3076 445 3135 S,
463 3090 563 3126 omnem
581 3085 648 3126 tuam
665 3076 802 3127 dictionem
816 3077 980 3127 animadverti
992 3085 1020 3126 et
1030 3077 1128 3139 stilol..

280 3169 370 3206 omnes
391 3164 459 3205 tuam
483 3156 534 3206 vidi
555 3157 675 3207 irradiare
693 3156 839 3206 dictionem.
873 3156 1046 3206 Animadverti
1064 3157 1129 3220 stylo

280 3236 310 3286 C
341 3233 409 3298 (m)
425 3245 553 3286 commota
569 3249 641 3297 sunu
657 3245 753 3298 quanto
770 3237 815 3286 tibi
831 3249 880 3286 ant.
898 3238 926 3286 l.
965 3236 998 3300 (t.
1017 3237 1042 3300 4)
1066 3235 1129 3287 meis

281 3329 330 3364 non
356 3328 443 3378 posse,
461 3316 587 3378 quodque
609 3325 734 3379 prestare
756 3315 865 3366 concine
882 3317 913 3376 C,
940 3316 1022 3377 meis;
1043 3329 1128 3380 quan·

279 3408 354 3457 quern
373 3397 428 3444 baec
444 3397 499 3459 ipsa
522 3397 670 3446 inconcinne
690 3398 717 3445 1..
751 3398 784 3459 (4.
806 3396 828 3460 ς)
845 3405 955 3459 propter
973 3397 1024 3460 ing.
1046 3397 1128 3447 tenui·

282 3477 403 3525 tateml„
437 3477 471 3538 (ς)
494 3477 565 3539 quod
592 3477 615 3527 in
640 3478 670 3528 C.
705 3479 738 3540 (ὁ)
761 3491 825 3537 sunt,
849 3490 962 3539 nequeo.
1002 3477 1074 3540 Quid
1096 3476 1126 3530 G

282 3555 316 3618 (8)
332 3558 446 3620 gratulor
463 3558 488 3607 ἃ
