2820 4680
506 583 564 642 '49

116 764 180 811 suo
192 737 350 835 singulari
365 737 503 825 lumine,
516 736 702 834 splendore
711 754 745 810 et
764 755 967 813 ornamento

116 853 311 951 triumphat,
321 877 401 950 quae
408 852 521 950 prisca
530 868 566 925 et
575 851 827 926 novavirtutum
838 876 968 950 genera

115 993 278 1066 superare
295 967 529 1065 cognosceris.
549 969 606 1041 Te
623 967 783 1066 quotiens
800 968 966 1043 memoria

116 1101 249 1183 repeto,
267 1084 461 1158 Catelinam
479 1083 733 1158 Crichastinam
754 1101 790 1157 et
815 1083 964 1181 reliquas

113 1200 344 1276 sanctissimas
370 1214 405 1273 et
430 1199 647 1274 doctissimas
672 1199 819 1297 virgines
844 1197 962 1273 videre
999 1229 1010 1279 t

115 1316 245 1391 videor.
264 1313 597 1403 Credenthaeretici,
608 1313 667 1411 qui
682 1313 810 1388 illarum
824 1314 966 1388 virtutes

116 1432 203 1506 lalso
229 1431 405 1505 memoriae
427 1428 566 1505 traditas
583 1430 809 1527 suspicantur,
829 1428 966 1527 religio-

115 1547 162 1622 sis
175 1545 368 1637 codicibus,
383 1571 461 1621 cum
475 1545 706 1619 intellexerint
723 1561 758 1618 te
772 1545 967 1619 constantia

115 1679 153 1736 et
177 1663 335 1737 doctrina
360 1680 397 1737 et
420 1663 513 1737 omni
540 1661 657 1736 illustri
685 1686 817 1735 morum
838 1684 968 1758 genere

116 1794 212 1852 tanto
238 1778 304 1851 tuis
325 1777 538 1875 temporibus
554 1776 730 1874 anteponi,
749 1792 880 1874 quanto
898 1775 966 1850 illae
985 1806 1015 1842 ιο

114 1893 183 1967 suis
196 1893 388 1967 scribuntur
404 1894 614 1966 antecellere
633 1891 801 1965 mulieres.
824 1892 966 1963 Mentes

116 2007 259 2105 diligere
272 2008 375 2081 etiam
389 2006 548 2106 optimas,
562 2031 583 2080 a
596 2005 872 2103 frequentatione
884 2029 968 2078 vero

117 2126 215 2197 soleo
228 2123 419 2212 abstinere;
434 2120 480 2195 de
494 2139 528 2196 te
541 2139 655 2196 autem
669 2138 705 2195 et
718 2137 832 2195 tecum
849 2137 967 2195 tacere

118 2265 187 2313 non
214 2261 363 2336 possum,
394 2237 555 2336 quoniam
583 2237 616 2310 in
643 2239 752 2310 Ysota
776 2260 879 2310 sexus
910 2235 968 2310 ille

118 2355 289 2451 paululum
307 2353 446 2427 aliarum
464 2353 643 2428 debilitate
661 2376 799 2450 pressus
818 2352 965 2426 maxime
985 2383 1010 2433 ις

118 2471 244 2567 placet,
270 2467 326 2542 cui
352 2468 473 2542 nullius
498 2485 576 2542 sunt
601 2467 741 2542 virtutes
758 2467 964 2564 superiores.

119 2584 337 2683 Religionem
363 2601 400 2658 et
424 2583 616 2658 doctrinam
643 2600 734 2658 tuam
760 2583 863 2656 etiam
887 2607 965 2681 pes-

116 2698 191 2774 simi
218 2699 299 2774 tanti
327 2699 466 2790 faciunt,
494 2716 530 2773 ut
555 2698 599 2773 ad
616 2698 759 2796 gloriam
776 2698 888 2773 aetatis
904 2722 966 2771 no·

116 2832 196 2890 strae
222 2832 300 2890 nata
324 2840 403 2890 esse
429 2814 599 2890 iudiceris.
627 2816 682 2889 Te
696 2814 807 2913 igitur,
822 2830 858 2887 ut
876 2812 967 2887 unde

117 2933 220 3028 longe
247 2929 418 3027 digressus
442 2955 528 3021 sum,
551 2930 702 3021 redeam,
721 2945 817 3004 certa
836 2928 968 3003 ratione
984 2967 1015 3002 ιο

116 3062 153 3120 et
181 3045 394 3143 experientia
426 3070 542 3120 amare
576 3069 698 3143 cogor,
725 3045 805 3142 quia
840 3047 968 3119 nullum

164 3301 198 3366 (ι)
215 3301 363 3365 splendidet
384 3309 411 3352 et
427 3302 457 3353 C.
491 3301 526 3366 (a)
540 3302 670 3364 trihuphat
693 3301 723 3352 C.
757 3299 791 3365 (⁶)
813 3300 905 3350 videor
926 3313 969 3364 ego

114 3380 207 3434 addidi
243 3382 358 3432 lteretles
374 3381 404 3433 G
438 3381 550 3445 (rr-rt)
565 3382 723 3432 untecellere
737 3381 858 3430 mulieres
869 3387 968 3429 mentes

116 3463 234 3527 dilligere
250 3475 275 3512 e.
293 3471 348 3524 opt.
373 3460 629 3542 confrequentatione
651 3475 715 3512 vero
733 3462 817 3510 solum
839 3459 969 3509 abstinere

118 3543 153 3593 de
170 3549 197 3592 te
213 3542 243 3592 c
279 3540 329 3604 (16)
346 3542 431 3604 ploret
449 3540 479 3592 C

171 3661 234 3703 lacre
248 3659 360 3715 Nqurole
368 3657 443 3719 Opere.
458 3658 484 3703 ll.
849 3659 865 3706 4
