2820 4680
170 938 409 1026 NICOLAI
442 937 597 1025 LVSCI
628 938 963 1025 VINCENTlNl

247 1139 317 1211 AD
344 1138 637 1211 GENEROSAS
662 1139 892 1213 VIRGINES

142 1322 386 1384 ZENEBRAM
413 1323 469 1383 ET
484 1321 643 1383 ISOTAM
662 1322 724 1383 DE
742 1321 994 1385 NOGAROLlS

351 1436 584 1500 FELICITER
607 1437 783 1500 lNCIPlT.

340 1721 492 1770 avum&
526 1719 794 1770 CVRINGOMIVM.

183 2004 267 2086 Quid
278 2004 348 2066 sacis
356 2002 485 2066 Aulites?
498 2005 567 2065 Tua
576 2022 637 2084 quo
649 2021 732 2065 mens
740 2004 828 2064 cessit
837 2004 865 2064 in
875 2003 996 2066 umbra?

142 2102 228 2165 Solus
241 2102 313 2164 ades
327 2120 469 2184 pecorum
483 2111 526 2162 tot
539 2102 649 2163 circum
664 2119 773 2183 pascua
786 2103 906 2163 custos?

144 2201 223 2263 Ocia
236 2200 308 2281 quid
322 2201 414 2261 teris?
431 2200 479 2260 En
502 2199 591 2260 nimio
604 2198 775 2280 compulsus
789 2198 826 2260 ab
841 2210 915 2261 aestu

144 2298 228 2360 Grex
242 2307 310 2359 tuus
323 2298 418 2359 omnis
432 2315 526 2379 opaca
540 2307 646 2379 petens
659 2296 777 2359 arbusta
791 2297 916 2377 quiescit

142 2397 253 2475 Tuque
267 2395 345 2457 iaces
360 2395 443 2477 piger
463 2395 519 2469 hic,
537 2395 673 2457 carminis
687 2395 840 2455 immemor
850 2394 926 2456 inter
1027 2430 1038 2483 ς

145 2495 285 2574 ignavum
300 2513 392 2575 pecus
407 2494 538 2575 ignavam
552 2493 630 2567 teris,
644 2492 778 2574 inprobe,
795 2492 890 2554 vitam.

145 2591 229 2671 Quin
243 2609 297 2672 age
311 2610 399 2672 quam
414 2603 528 2674 septem
542 2601 725 2673 compactam
740 2590 841 2652 inflare
854 2590 957 2652 cicutis

147 2691 210 2750 Pan
224 2688 306 2750 dedit
319 2699 350 2750 et
363 2708 479 2751 summo
492 2700 639 2771 pastorem
653 2688 765 2749 ornavit
779 2689 901 2763 honore,

147 2784 257 2848 Fistula
270 2786 327 2848 iam
342 2787 446 2849 nimios
460 2787 590 2869 reprimit
604 2785 752 2848 modulata
764 2784 887 2848 calores.

455 2979 690 3064 &migomiume

186 3081 347 3163 Obstupeo
360 3080 478 3161 iamque
492 3100 512 3142 o
532 3090 673 3162 pastores,
687 3079 784 3143 cedite
798 3081 897 3142 cuncti
1012 3119 1042 3157 ω

146 3179 297 3252 Carmine,
316 3176 451 3239 ruricoiae
464 3179 564 3239 cuncti
578 3178 635 3239 iam
648 3177 760 3239 cedite!
777 3177 877 3239 Maior

194 3350 215 3398 E
238 3349 330 3398 codice
355 3348 493 3398 CCLXVi.
525 3361 586 3397 sac
608 3348 666 3396 XV.
693 3347 862 3397 Bibliotheca
886 3348 997 3411 Capitoli

145 3430 304 3479 Veronensis
319 3427 364 3493 (C)
379 3428 495 3479 officiose
511 3428 648 3490 descripsit
665 3427 803 3477 Caietaom
817 3429 859 3478 Da
875 3430 925 3478 Re.

195 3509 229 3574 (⁶)
252 3511 387 3573 lngnavum
412 3509 441 3559 G
483 3507 518 3574 (7)
541 3508 619 3572 Quim
637 3508 667 3558 C.
709 3515 843 3572 compecto
867 3507 937 3558 issare
965 3506 995 3559 G

148 3590 182 3657 (9)
199 3590 286 3640 iane
320 3588 522 3654 (romaquec
556 3587 706 3654 (tritone
