2820 4680
639 602 672 647 tt

231 757 372 831 Periclis
407 757 493 830 illius
536 757 646 854 magni
682 758 909 855 praeceptrix,
949 759 1082 855 Sapluo,

230 875 346 946 Proba
359 874 534 962 Centone,
544 873 691 961 Amesia,
706 874 903 962 Hortensia,
914 873 1083 949 Cornelia

227 991 447 1063 Grachorum
466 1005 583 1075 mater,
598 1014 678 1085 quae
696 990 805 1062 solum
824 989 857 1060 in
876 989 1017 1086 poetica
1042 1012 1084 1064 re

227 1121 263 1178 et
292 1122 365 1178 arte
399 1103 538 1178 dicendi
564 1103 681 1178 doctae
708 1103 842 1178 suerunt
867 1130 1083 1204 quarumque

202 1252 211 1302 ς
227 1219 347 1294 laudes
360 1222 569 1318 pervulgatae
590 1220 749 1294 seruntur.
775 1223 886 1294 Unam
905 1219 1084 1295 dumtaxat

229 1337 261 1409 in
288 1336 437 1410 medium
463 1336 583 1410 afferre
609 1335 689 1409 satis
715 1334 787 1408 erit.
816 1335 966 1409 Sinesius
995 1360 1084 1433 ergo

228 1452 370 1526 eximius
388 1453 614 1550 philosophus
636 1454 825 1549 llepatram
849 1450 1084 1550 philosophiae

228 1568 491 1665 praeceptricem
528 1567 656 1654 habuit,
701 1591 803 1662 quam
847 1584 941 1640 tanta
977 1554 1083 1642 laude

228 1683 398 1779 tantisque
416 1682 599 1780 praeconiis
625 1682 733 1769 effert,
761 1699 797 1754 ut
823 1699 969 1756 cunctos
995 1681 1084 1757 itlius

187 1828 216 1864 ιο
229 1799 392 1896 temporis
409 1798 638 1895 philosophos
655 1797 851 1870 excoluisse
870 1821 1084 1894 magnopere

229 1915 383 1988 affirmet.
403 1917 477 1987 lure
492 1913 590 2010 igitur
603 1938 641 1987 es
663 1931 697 1986 tu
712 1938 865 2012 quoque,
889 1915 979 1986 lsota
992 1937 1084 2010 prae-

229 2032 331 2118 clara,
349 2028 488 2102 summis
505 2028 660 2101 laudibus
678 2028 932 2125 prosequenda,
952 2028 1085 2126 quippe

230 2169 309 2240 quae
328 2162 489 2232 naturam,
510 2160 544 2216 ut
561 2143 611 2217 sic
629 2141 783 2232 dixerim,
797 2161 888 2217 tuam
903 2144 1070 2241 superasti

230 2258 395 2332 Virtutem
418 2258 508 2332 enim
526 2282 651 2347 veram,
671 2283 750 2354 quae
767 2258 913 2332 virorum
942 2283 1046 2356 propr

188 2405 213 2455 ις
229 2391 294 2464 est,
308 2373 465 2471 singulari
483 2372 644 2448 industria
658 2398 696 2446 es
709 2390 909 2462 consecuta,
925 2397 1043 2447 necea

229 2488 369 2587 quidem
388 2488 610 2576 mediocrem,
626 2506 660 2562 ut
678 2490 833 2587 plerique
847 2489 1004 2577 virorum,
1018 2513 1034 2562 s

231 2624 266 2680 ut
285 2606 511 2703 integerrimae
525 2604 763 2702 perfectaeque
777 2605 957 2703 sapientiae
974 2605 1012 2676 vi*

231 2723 346 2810 decet,
360 2746 468 2818 quare
481 2721 613 2795 Cicero
622 2720 885 2794 rectedicebat:
905 2723 979 2793 Vos
989 2721 1004 2791 ἰι

231 2862 292 2911 nes
317 2837 463 2911 animum
484 2836 600 2935 geritis
622 2836 821 2909 muliebrem
842 2836 1004 2933 illaquev

188 2984 218 3019 ιο
231 2952 300 3025 viri.
313 2955 431 3050 ltaque
441 2954 521 3026 haut
531 2950 759 3025 contentalris
769 2949 981 3024 mediocribu

90 1192 103 1240 l

279 3241 313 3304 (1)
329 3241 412 3304 megni
430 3240 484 3290 CV.
518 3240 552 3303 (ὁ)
570 3241 666 3289 offerre
687 3241 713 3288 V.
748 3241 783 3303 (8)
800 3240 964 3303 preceptitric

232 3321 282 3385 (ιο)
293 3321 385 3383 philos.
398 3334 444 3369 om.
462 3322 489 3368 V.
523 3320 573 3384 (ιι)
585 3333 707 3382 persequ.
719 3320 749 3369 C.
784 3318 833 3383 (ις)
847 3319 938 3382 singuli

231 3414 278 3450 om.
299 3402 327 3449 V.
362 3400 412 3463 (17)
432 3401 581 3464 integerime
598 3400 627 3449 C.
662 3400 780 3462 perfecte
802 3402 828 3447 V.
862 3413 933 3448 vetur

232 3483 358 3530 uateoerr.
392 3480 443 3545 (ra)
468 3482 568 3530 diceret
593 3480 647 3530 CV.
682 3482 730 3544 (19.
751 3482 790 3543 ιο)
807 3480 853 3528 viri
875 3480 918 3527 virV

233 3561 319 3622 itaque
336 3558 459 3621 haudque
477 3561 504 3608 ν.
