2820 4680
709 570 765 652 ³7⁶

310 742 347 802 At
361 742 498 821 quotiens
511 742 637 823 genibus
651 742 732 803 latuit
747 743 926 804 sanctissima
940 742 1022 803 flexis

310 839 387 899 Ante
401 839 497 900 crucis
506 841 634 920 signum?
649 840 698 900 Ne
710 841 864 920 quisquam
875 840 940 900 haec
950 860 1023 900 vana
1033 850 1165 920 putasset

311 936 400 1015 signa
415 936 484 999 levis
497 938 608 1019 cupitis,
626 938 679 1000 sed
694 938 780 999 turbe
794 939 957 999 domesticu
972 956 1090 1019 semper

311 1035 450 1114 Vestigat,
464 1034 535 1114 quid
544 1047 631 1116 egent
645 1037 765 1109 domini,
787 1037 922 1115 clamque
936 1048 1000 1097 acta
1014 1036 1161 1097 sedicunt.

252 1153 299 1199 290
314 1132 498 1213 Pauperibus
512 1150 630 1214 semper
644 1134 699 1214 pie,
719 1145 780 1193 tum
796 1135 930 1194 miserata
953 1133 1096 1193 sumentes

315 1230 494 1291 Exaturabat
507 1248 568 1304 eos,
588 1243 649 1292 tum
665 1232 851 1311 praetermisit
867 1252 895 1290 ιιι
910 1232 989 1311 ipsos

312 1326 413 1388 Officii
430 1326 498 1387 nihii
513 1346 571 1388 una
586 1328 643 1401 sui;
657 1328 816 1389 castissima
830 1339 920 1400 certe,

311 1425 348 1485 At
363 1443 422 1484 non
437 1436 482 1485 est
495 1425 557 1485 aliis
572 1425 667 1485 minus
681 1424 819 1486 illustrata
832 1427 994 1507 triumphis.

315 1523 445 1601 Nunque
469 1521 517 1581 ubi
541 1521 580 1582 de
603 1540 717 1582 summo
741 1521 926 1583 contendunt
947 1541 1028 1603 saepe
1042 1534 1165 1582 tonante

254 1643 296 1694 ²95
314 1618 463 1679 Doctores
476 1637 552 1697 quos
566 1618 652 1678 turbe
664 1630 756 1694 vocat,
775 1618 813 1680 de
828 1619 940 1699 legibus
955 1621 1023 1700 ipsis

313 1718 398 1795 Quas
418 1715 506 1776 urbes
518 1715 620 1776 dixere
633 1716 696 1790 sibi,
715 1717 870 1778 iucundius
884 1716 930 1777 illa

316 1811 451 1892 Explicat
465 1813 573 1891 ingenii
587 1812 686 1873 divino
701 1831 823 1874 munere
838 1814 916 1887 clari,

313 1911 414 1989 Quam
429 1911 453 1970 si
467 1909 596 1970 eoelestis
610 1911 686 1971 soret
701 1911 786 1972 huius
801 1912 918 1991 spiritus
932 1930 993 1983 ore,

313 2008 376 2087 Qui
392 2019 535 2068 reseraret
549 2008 577 2068 ei
592 2009 710 2088 reliquis
725 2026 794 2089 quae
808 2028 915 2070 arcana
930 2010 1058 2069 suerunt.

256 2132 300 2180 ,ω
315 2105 493 2165 Hermoieos
508 2106 616 2187 praesul
631 2108 760 2167 Veronae
774 2107 895 2186 insignis
909 2107 1022 2166 honore

315 2202 499 2274 Pontificum,
514 2203 599 2264 cuius
612 2203 668 2263 vita
681 2215 726 2263 est
740 2204 927 2276 sanctissima,
945 2203 1015 2263 dicit

315 2299 413 2360 Multa
427 2299 530 2381 palam,
549 2301 585 2361 sit
606 2301 696 2361 lsotta
709 2301 817 2379 quibus
831 2318 921 2381 super
934 2311 1010 2360 estre
1025 2298 1161 2372 serenda,

316 2399 471 2478 Praecipue
486 2398 593 2477 ingenii
608 2398 683 2459 vires
696 2399 822 2478 vitaeque
838 2398 955 2479 pudicae

312 2494 458 2575 Suprema
470 2513 538 2556 curn
553 2494 640 2556 laude
656 2495 785 2556 modurn.
806 2496 973 2556 Ludouicus
986 2495 1097 2556 eisdem

257 2613 298 2663 ³05
315 2592 491 2654 Fosearinus
505 2610 570 2652 eam
585 2592 673 2653 titulis
688 2609 777 2672 super
791 2593 901 2652 aetheru
915 2591 995 2666 tollit,

314 2689 378 2768 Qui
392 2688 461 2768 legit
475 2689 546 2769 quid
563 2691 652 2750 lsotta
666 2689 727 2749 viro
741 2689 900 2770 respondit,
921 2701 953 2749 ut
967 2690 1042 2749 illam

315 2786 382 2866 lpse
398 2788 477 2866 prior
490 2786 604 2867 scriptis
617 2786 710 2866 coepit
723 2796 836 2846 tentare
850 2785 971 2859 tabellis,

318 2885 356 2944 Et
369 2885 483 2964 scripsit
496 2901 566 2963 quae
580 2885 680 2963 ignote
692 2884 759 2945 viris
772 2895 841 2945 sunt
855 2885 979 2944 maxima
993 2883 1099 2944 multis.

317 2982 347 3042 Η
362 3000 408 3043 aee
423 2996 521 3043 autem
537 2983 642 3043 mulier
658 3001 717 3043 non
732 2994 778 3043 est
792 2995 863 3043 tune
876 2983 936 3043 visa
951 3001 1006 3043 nec
1019 3000 1085 3043 esse

258 3102 302 3150 ,ιο
315 3080 421 3160 Qualis
435 3082 521 3141 turba
534 3081 609 3143 solet
623 3081 791 3155 doctorum;
806 3081 881 3142 dura
895 3081 1011 3141 resoluit

314 3177 432 3258 Singula
441 3190 472 3239 et
481 3179 615 3241 euoduns
629 3179 773 3259 quidquid
788 3179 959 3239 devinxerat
973 3178 1019 3239 itte

318 3277 510 3343 Praestanteut
524 3277 671 3358 stupuisse
686 3277 777 3337 virum
792 3278 855 3339 sine
870 3277 928 3337 fine
942 3277 1048 3356 coegit.

315 3461 427 3591 milwe)
450 3476 507 3511 Μ
535 3464 563 3511 V·
598 3461 663 3526 (²9⁸)
688 3462 769 3525 Quod
793 3464 814 3512 si
841 3464 868 3511 V·
903 3464 969 3527 (307)
988 3469 1114 3525 temptare
1132 3471 1168 3511 ta-
