2820 4680
566 549 601 612 61

156 736 263 794 testor
279 737 316 794 et
333 721 366 793 in
383 721 458 796 eius
479 721 693 820 cogitatione
718 720 916 796 suavissime
935 745 1009 794 mo·

156 860 212 908 ror
237 836 425 934 quoadque
455 836 526 911 fieri
554 853 671 934 potest
696 862 764 910 non
791 835 937 925 dimitto,
972 850 1009 908 et

154 949 226 1024 sive
260 950 347 1025 inter
388 951 559 1050 angustias
593 950 663 1025 sive
707 951 794 1025 inter
827 950 912 1024 risus
951 967 1009 1024 tua

155 1066 210 1138 lux
250 1065 377 1163 ubique
415 1066 517 1140 etiam
553 1066 586 1139 in
621 1066 772 1140 tenebris
802 1063 1008 1139 obscurissi-

155 1180 217 1255 mis
255 1183 356 1255 lucet.
401 1181 573 1255 Sollicitus
617 1181 764 1255 maxime
806 1205 879 1255 sum
925 1196 1004 1277 post
1040 1218 1049 1267 ς

155 1295 237 1368 tanti
275 1296 334 1368 viri
365 1296 508 1386 obitum,
544 1321 647 1394 quem
683 1294 834 1395 Troyani
865 1319 1007 1369 succes·

153 1436 267 1486 sorem
305 1411 423 1510 eliges.
469 1413 577 1486 Abest
618 1411 824 1486 clarissimus
863 1410 1005 1485 Gierar·

154 1526 235 1613 dus;
262 1526 404 1602 adverte
430 1527 488 1600 cui
514 1529 657 1601 salutem
685 1543 776 1600 tuam
800 1525 1006 1615 committas,

154 1643 315 1739 quoniam
345 1660 477 1718 aeterna
501 1668 540 1717 es
570 1642 766 1740 dignissima
792 1642 871 1732 vita,
898 1643 952 1714 vel
978 1640 1005 1715 si

155 1760 224 1832 hoc
254 1758 421 1833 inferioris
446 1758 540 1832 orbis
568 1774 686 1832 natura
713 1782 781 1831 non
808 1755 943 1854 patitur,
971 1773 1005 1830 tu
1022 1794 1052 1831 ro

154 1900 234 1972 quae
251 1874 427 1972 singularis
447 1874 555 1947 Fenix
573 1899 611 1948 es
629 1873 673 1947 ad
699 1873 773 1947 eius
791 1872 1006 1969 longissimos

153 2015 262 2064 annos
274 1989 448 2063 accedere
460 1989 572 2064 stude.
590 1991 711 2063 Plures
725 2005 918 2063 nostrorum
933 2013 1007 2063 me·

154 2105 310 2179 dicorum
328 2121 406 2179 sunt
422 2106 480 2202 qui
508 2105 630 2179 samam
658 2104 808 2199 novitate
834 2104 1007 2201 periculo·

155 2246 226 2295 rum
236 2239 459 2318 aucupantur,
470 2247 513 2295 ne
523 2246 641 2320 parum
653 2221 854 2295 multascire
867 2221 1007 2295 videan-

154 2353 232 2410 tur.
253 2393 261 2410 .
281 2394 289 2408 .
309 2336 354 2411 de
373 2337 472 2411 nobis
490 2355 700 2425 concretam,
720 2361 892 2434 nunquam
914 2337 1005 2411 idem
1022 2373 1047 2424 ις

154 2452 314 2542 sentiunt,
341 2469 511 2527 mutantur
532 2452 675 2527 cottidie
702 2469 820 2526 nostro
850 2452 1006 2549 periculo

153 2567 399 2665 experimenta.
409 2563 1003 2670 Quaedamepigrammatalegimus:

156 2682 376 2756 Medicorum
403 2684 508 2781 copia
533 2683 637 2780 perii;
665 2685 761 2780 plura
794 2707 875 2757 vera
901 2707 1004 2779 quam

153 2799 282 2895 scripta
300 2798 404 2872 tuisse
421 2815 517 2873 certe
530 2800 615 2873 scio.
632 2800 853 2873 Consulimus
871 2797 916 2872 de
931 2798 1006 2873 illo·

155 2940 227 2988 rum
245 2914 451 3013 agricultura
468 2916 592 3012 quibus
609 2940 686 2990 rura
711 2931 825 2989 nostra
847 2913 1050 2989 commit-ao

155 3030 265 3120 timus,
283 3047 320 3105 et
336 3031 461 3128 quibus
479 3031 559 3107 vitae
577 3032 672 3105 necis
694 3047 901 3129 potestatem
919 3054 1004 3105 con·

154 3145 320 3237 cedimus,
339 3145 384 3222 de
402 3147 453 3221 his
471 3172 539 3222 non
559 3146 808 3245 investigamus.
832 3146 1003 3221 Interdum

202 3446 236 3510 (5)
259 3447 378 3497 Soticitus
402 3447 432 3497 C·
466 3446 500 3510 (7)
524 3446 622 3510 efligies
644 3446 675 3496 G
708 3443 757 3506 (ιο.
778 3446 816 3510 ιι)
833 3454 938 3507 tumque
955 3445 1004 3494 sin·

154 3527 294 3591 Subrisi)
329 3526 568 3591 (ratstuuequec
603 3526 735 3590 (14)scise
753 3526 782 3576 C.
816 3525 1002 3588 (arjnocisc
