2820 4680
698 902 751 972 iil.

363 1124 409 1186 (Ex
426 1127 599 1186 Prstriboino,
618 1140 706 1176 mense
721 1128 835 1189 Aprilis.
851 1139 919 1188 1440,
929 1136 957 1177 ut
967 1128 1090 1194 videtur.)

654 1318 792 1391 IESUS.

300 1515 463 1585 Zenevera
492 1511 534 1584 de
563 1511 738 1586 Gambara
766 1511 968 1587 ornatissimo
996 1514 1157 1610 compatri

408 1651 469 1700 suo
485 1626 671 1700 Darmiano
688 1627 730 1701 de
746 1632 853 1726 Burgo
868 1627 929 1702 sai
943 1627 992 1728 pi.
1012 1628 1044 1702 d.

274 1940 283 1990 ς
478 1926 731 1977 ursrtroiunus
793 1901 926 1995 diebus,
973 1922 1155 2004 compater

501 2017 687 2109 carissime,
713 2020 804 2094 Isota
820 2036 937 2095 nostra
961 2039 1054 2096 tuum
1085 2021 1154 2096 ser-

500 2132 729 2208 ventissimum
757 2133 789 2207 in
816 2160 872 2209 me
900 2160 1052 2211 amorem
1070 2136 1153 2211 mihi

300 2278 368 2327 non
388 2252 538 2350 ignotum
557 2248 676 2323 litteris
693 2248 762 2324 suis
779 2250 973 2349 explicavit
998 2254 1082 2353 Qua
1106 2278 1152 2327 ex

299 2392 337 2442 re
362 2393 486 2466 magna
511 2364 591 2440 mihi
617 2364 734 2440 leticia
757 2367 879 2441 aborta
904 2384 967 2457 est,
990 2392 1069 2443 cum
1095 2395 1153 2442 me

256 2500 357 2581 rotug
391 2485 515 2558 fluxam
550 2507 619 2556 non
645 2506 722 2556 esse
760 2482 928 2557 momorie
962 2484 1031 2558 hoc
1057 2483 1153 2559 testi·

299 2598 416 2674 monio
445 2621 667 2696 cognoscam.
700 2600 784 2699 Que
813 2623 868 2672 res
899 2624 1040 2697 quoque
1070 2598 1152 2673 mihi

298 2714 438 2790 honoris
455 2732 518 2805 est,
540 2738 617 2788 cum
636 2737 657 2786 a
674 2730 710 2788 te
727 2731 793 2787 tam
813 2715 971 2812 probam,
990 2731 1058 2789 tam
1074 2739 1152 2812 gra·

297 2828 436 2905 vissimo
453 2829 526 2904 viro
543 2829 680 2904 laudata
693 2854 771 2903 esse
784 2829 889 2903 dicar.
907 2828 1047 2904 Adiecit
1059 2829 1151 2904 enim

298 2964 514 3045 quantopere
538 2945 636 3019 saluti
661 2968 704 3019 ac
721 2944 875 3042 dignitati
902 2970 980 3019 mee
998 2944 1152 3042 invigiles

255 3087 341 3148 15ac
367 3062 491 3137 faveas.
520 3060 632 3163 Quod
657 3086 726 3159 ego
751 3060 912 3160 profecto
943 3087 1011 3136 non
1030 3061 1151 3159 ignoro

346 3320 484 3383 Epistoism
501 3320 600 3370 tertiam
612 3328 638 3370 et
649 3328 765 3383 quartam
777 3334 808 3370 ex
817 3320 981 3384 autographis
990 3321 1013 3370 in
1025 3320 1151 3370 tabulario

298 3401 441 3450 Veronensi
456 3415 472 3449 s
489 3401 613 3451 Caietsno
628 3400 662 3450 ds
679 3403 720 3450 Re
732 3401 841 3463 repertis
857 3399 991 3449 edidimus.

346 3481 377 3544 (9.
389 3482 427 3542 ro)
441 3480 507 3545 lege:
522 3482 617 3531 oborta
632 3483 655 3531 ci
669 3483 808 3531 memorio.
843 3481 892 3547 (14)
909 3481 1008 3532 salutati
1020 3482 1075 3534 anit
1091 3493 1149 3531 corr.

298 3561 422 3628 inuigeles
436 3563 491 3614 anit
502 3574 558 3614 con.
