2820 4680
821 574 877 624 202

420 732 584 808 mandatu
606 735 688 805 ltern
702 759 715 804 .·
733 730 826 828 Quid
840 727 997 824 faciendo
1010 740 1106 804 urtam
1119 739 1272 804 oeiemam

416 847 616 948 possidebo?
646 848 746 920 Seruo
775 845 940 919 mandato.
979 847 1020 919 Et
1051 846 1273 943 transgressio

420 964 559 1061 proprie
593 963 699 1037 oritur
728 987 773 1036 ex
803 961 975 1059 superbia,
1002 962 1083 1059 quia
1112 961 1274 1058 superbia

420 1079 501 1154 nihil
530 1080 621 1155 aliud
651 1097 704 1154 est
735 1102 836 1176 quarn
868 1079 997 1176 regulae
1031 1077 1156 1152 divinae
1182 1079 1274 1151 nolle

390 1196 552 1284 ssubiici
584 1219 685 1292 quarn
715 1197 885 1269 extollere
914 1219 953 1268 se
982 1219 1085 1292 supra
1114 1195 1148 1269 id
1177 1194 1273 1292 quod

420 1310 609 1384 secundum
645 1313 795 1408 regulam
831 1310 977 1384 divinam
1014 1312 1190 1407 praefixum
1221 1327 1274 1382 est

420 1425 477 1501 dei
503 1429 711 1501 voluntatem
747 1425 1007 1499 contemnendo
1032 1443 1068 1499 et
1093 1449 1188 1499 suain
1213 1425 1274 1499 ad·

421 1540 608 1640 implendo.
648 1545 733 1616 ltetn
771 1541 978 1639 Augustinus
1015 1542 1061 1615 de
1093 1558 1211 1614 natura
1238 1560 1275 1614 et

420 1659 546 1756 gratia:
579 1660 752 1731 Peccatum
769 1665 818 1730 est
832 1655 978 1730 voluntas
994 1655 1212 1754 consequendi
1225 1656 1276 1728 uel

380 1797 410 1837 ιο
421 1771 577 1847 aetinendi
588 1825 589 1830 ,
599 1771 688 1872 quod
712 1771 829 1845 iustitiis
855 1780 951 1863 udat,
972 1771 1008 1844 id
1022 1780 1071 1845 est
1085 1770 1172 1844 nolle
1187 1770 1276 1870 quod

421 1887 502 1962 deus
519 1887 591 1961 vult.
611 1889 680 1962 Cui
698 1887 893 1961 concordat
909 1887 1109 1961 Ambrosius
1135 1887 1168 1959 in
1186 1887 1273 1960 libro

421 2004 468 2078 de
486 2003 663 2102 paradiso:
683 2005 855 2076 Peccatum
872 2011 922 2076 est
935 2001 1140 2100 trarugressw
1157 2001 1275 2075 dr'uinoe

422 2118 499 2218 tegis
531 2128 564 2192 et
586 2118 761 2193 coelestium
786 2117 1014 2192 inoboedientia
1038 2116 1272 2192 mandatorum.

423 2236 518 2308 Ecce
536 2234 617 2332 quia
635 2234 857 2332 transgressio
874 2250 911 2306 et
936 2233 1188 2307 inoboedientia
1204 2257 1274 2308 caez

380 2373 407 2427 15
423 2349 554 2424 lestiurn
566 2349 801 2423 mandatorum
816 2366 870 2423 est
883 2349 1063 2422 maximum
1079 2367 1274 2447 peccatum,

423 2489 501 2539 curn
520 2464 657 2563 peccati
675 2465 718 2539 sit
735 2465 798 2539 ista
820 2462 993 2537 definitio:
1015 2465 1203 2538 Peccatum
1222 2481 1277 2537 est

423 2578 633 2654 inordinatus
662 2579 834 2677 appetitus
866 2578 1007 2652 sciendi.
1046 2581 1137 2677 Ergo
1168 2579 1275 2653 maius

423 2695 556 2769 videtur
585 2711 767 2793 peccatum
798 2694 1074 2792 transgressionis
1105 2694 1273 2792 praecepti

424 2835 525 2908 quam
549 2812 630 2885 boni
651 2828 687 2884 et
714 2811 790 2884 mali
815 2810 993 2884 scientiam
1019 2827 1206 2908 appetere;
1228 2851 1272 2861 —

472 3056 645 3121 (rieeternam
654 3059 683 3106 Ι..
717 3058 750 3120 (4.
766 3055 787 3120 ς)
797 3058 864 3106 nolte
872 3056 962 3107 subiici
972 3070 1026 3120 reg.
1037 3056 1087 3105 div.
1101 3058 1128 3105 L.
1158 3057 1275 3120 (nqueo

424 3138 454 3198 Ε,
478 3137 539 3198 quia
564 3137 593 3196 C,
619 3137 666 3186 sed
691 3138 718 3185 1..
752 3150 811 3186 sese
837 3137 867 3186 C.
901 3136 935 3199 (o)
960 3150 1013 3186 aec.
1041 3150 1095 3200 reg.
1113 3136 1163 3185 div.
1181 3150 1228 3185 om.
1246 3138 1274 3185 ι.

426 3216 519 3281 (nuel.
536 3217 579 3267 dei
594 3219 622 3266 Ι..
648 3230 791 3266 ευιπινετο
801 3217 843 3267 ad.
861 3219 888 3265 L.
917 3216 1042 3279 (tiietont
1053 3219 1080 3266 Ι..
1115 3217 1274 3280 (ranoteG

426 3297 675 3360 (inmutet-iffi,
695 3297 811 3346 Under..
845 3296 963 3360 (13)caet.
976 3299 1063 3346 onai„
1105 3297 1276 3360 (innaper-

425 3383 540 3427 catorum
557 3378 584 3425 1..
618 3376 668 3439 (ιὸ)
692 3375 769 3425 diffin.
788 3377 818 3426 C.
853 3376 904 3425 det.
927 3384 952 3425 et
973 3389 1022 3426 non
1042 3376 1136 3426 dicitur
1154 3389 1228 3438 pecc.
1246 3377 1274 3424 1..

427 3456 475 3519 (17,
486 3454 524 3518 ra)
542 3456 610 3519 Ergo
621 3457 698 3520 megia
714 3456 816 3506 videtur
831 3469 955 3518 peccasse
962 3455 1071 3505 Adsurl.
1086 3456 1190 3519 (quiorn.
1203 3459 1279 3505 cetero

427 3535 548 3598 usquead
564 3544 650 3584 natura
667 3549 826 3599 persuasum,
844 3551 869 3597 p.
890 3548 942 3594 ιο).
959 3544 988 3599 5).
