2820 4680
780 554 881 658 '³⁶⁶

423 748 534 810 Dedita
547 758 680 822 conatus,
698 765 768 828 quae
782 765 962 827 quamquam
976 765 1049 809 cura
1061 746 1147 809 virilis

424 848 498 909 Esse
512 845 586 908 solet
600 844 768 926 stabilisque
782 846 879 921 animi,
897 846 946 907 cui
959 845 1076 927 cognita
1089 846 1155 907 vitte

423 942 535 1007 Ultima
545 954 623 1004 meta
637 960 708 1018 suae,
726 954 824 1004 tamen
838 942 915 1004 hanc
928 943 1083 1025 complexa
1096 944 1236 1026 puellam,

422 1041 529 1121 Exegit
542 1040 664 1103 monale
678 1040 779 1115 decus,
798 1039 951 1102 muliebria
964 1057 1095 1121 quoeque

375 1163 406 1199 ao
421 1138 541 1222 Expulit
554 1150 643 1221 atque
658 1138 740 1201 dedit
752 1139 820 1201 coeli
834 1149 971 1221 spectare
987 1139 1110 1201 nitorem

417 1239 630 1317 Astrorumque
643 1237 755 1318 globos,
775 1236 920 1318 quidquid
934 1236 1056 1298 tellusre
1071 1237 1215 1300 iretumve

416 1334 520 1396 Tradit
532 1335 663 1409 amatori,
682 1334 862 1415 tandemque
877 1344 981 1416 putare
997 1333 1111 1395 beatam

420 1434 513 1494 Posse
527 1432 585 1494 hoc
599 1432 750 1494 dumtaxat
763 1433 825 1493 fieri
839 1451 907 1494 cum
924 1431 1033 1493 lumine
1049 1433 1162 1508 mentis,

417 1529 448 1593 Si
462 1540 632 1591 contemnat
645 1529 729 1603 ebur,
746 1548 877 1610 gemmas
891 1530 913 1591 si
929 1540 1049 1611 spernat
1062 1549 1172 1605 avaras,

374 1649 401 1700 ις
416 1630 599 1709 nspernetur
612 1646 686 1709 opes
700 1644 879 1709 pompaeque
894 1627 1048 1689 renunciet
1059 1630 1148 1704 omni,

419 1725 545 1786 Desinat
555 1736 586 1785 et
595 1725 676 1785 vanis
686 1742 752 1786 sese
766 1742 911 1786 exornare
925 1726 1045 1807 pyropis

415 1823 512 1903 Atque
527 1821 694 1884 libidinibus
708 1822 896 1904 frontemque
911 1842 1076 1906 manusque
1098 1825 1234 1889 nefandis

416 1922 621 2003 Opponatque
636 1939 739 1982 omnes
753 1939 869 1983 summo
882 1922 1038 1983 conamine
1051 1922 1126 1985 vires

416 2020 484 2080 Nec
498 2019 624 2100 patiatur
637 2037 687 2080 eas
702 2029 830 2080 mentem
844 2019 1018 2099 contingere
1032 2033 1171 2096 sanctam,

371 2142 400 2189 30
412 2117 450 2178 At
463 2127 566 2176 contra
580 2115 729 2196 ingenium
743 2116 833 2178 rebus
847 2116 984 2198 disponat
997 2117 1127 2180 honestis

412 2214 510 2294 Atque
523 2213 653 2274 animum
667 2214 733 2274 vitte
748 2213 826 2275 laudi
841 2214 1010 2294 meritisque
1025 2214 1140 2277 luturae.

411 2310 530 2372 Artibus
544 2310 589 2371 his
602 2309 700 2373 studio
713 2329 745 2371 se
759 2312 835 2372 vovit
851 2312 941 2373 lsotta
955 2311 1096 2394 loquendi

414 2410 452 2469 Et
466 2407 575 2481 didicit,
590 2407 698 2488 quibus
711 2419 757 2470 est
770 2408 912 2490 sapientia
926 2421 1010 2491 septa
1024 2410 1131 2492 liguris,

410 2506 497 2587 Quas
511 2507 613 2569 vicisse
626 2507 694 2568 velit
707 2507 854 2582 tenebras,
872 2526 941 2589 quae
956 2509 1031 2570 scire
1045 2511 1187 2591 probetur

368 2630 394 2683 lt
412 2604 514 2685 Digna
527 2605 572 2666 sui
584 2605 696 2666 ratione
711 2604 799 2666 modi.
820 2607 960 2686 Namque
975 2606 1080 2668 unicus
1093 2625 1176 2669 error

413 2703 486 2764 Esse
501 2701 574 2763 solet
588 2702 694 2776 multis,
713 2712 745 2764 ut
759 2719 790 2763 se
805 2720 986 2783 cognoscere
1001 2702 1119 2780 ducant,

409 2801 491 2882 Quae
507 2799 638 2861 nondum
652 2801 775 2881 tetigere
790 2819 878 2861 manu
893 2818 901 2873 ;
916 2800 969 2862 sed
984 2799 1106 2864 fluctuat
1120 2814 1195 2865 mter

410 2899 476 2960 Nos
490 2898 624 2960 homines
638 2898 661 2960 is
675 2898 769 2960 inanis
781 2916 863 2959 amor
877 2898 931 2959 sibi
945 2897 1061 2961 deditus
1075 2901 1138 2983 ipsi,

407 2997 520 3061 Cetera
533 2997 700 3078 despiciunt
713 3014 775 3076 quo
788 2996 834 3057 rel
848 2996 959 3057 maiora
972 2997 1108 3072 minores,

406 3094 461 3157 Vel
475 3095 596 3156 meliora
609 3095 675 3155 mali
689 3113 696 3170 ;
711 3095 797 3156 veluti
813 3095 1019 3176 languentibus
1033 3096 1149 3158 haerent

409 3192 506 3253 Febre
521 3193 581 3254 sitis
595 3210 759 3274 coecusque
774 3192 864 3268 furor,
881 3194 1057 3275 graviorque
1071 3196 1204 3278 voluptas

405 3288 545 3351 Sollicitat
559 3289 725 3371 plerunque
738 3291 852 3352 animos
866 3291 961 3373 alege
977 3292 1102 3355 rebelles

421 3476 504 3608 αρέ)
521 3477 602 3527 omnia
617 3478 644 3528 V.
678 3478 881 3529 eunominec
914 3478 966 3544 (34)
976 3479 1070 3530 iecisse
1085 3481 1112 3530 V.
1147 3479 1261 3546 (aolltv

407 3570 421 3606 r
490 3592 497 3607 .
