2820 4680
540 613 590 678 ³4¹

139 795 176 842 re
203 769 384 868 quamdiu
421 772 632 870 multumque
658 771 819 869 cogitavi,
846 798 995 870 quonam

140 902 245 982 pacto
271 886 501 982 comprobare
528 912 583 961 me
610 887 669 960 tibi
696 887 811 984 aliqua
835 911 879 961 ex
898 904 996 985 parte

140 1025 279 1097 possem
306 1000 433 1098 quidve
460 1026 523 1099 pro
549 1002 646 1075 hisce
668 1002 733 1075 tuis
759 1002 792 1074 in
817 1027 872 1075 me
889 1003 1009 1077 bene·

138 1117 265 1189 meritis
295 1117 505 1206 retribuere,
537 1117 671 1191 occurit
701 1117 862 1213 prolecto
891 1118 994 1209 aliud,

137 1232 202 1305 nisi
227 1232 419 1330 quodcum
446 1233 585 1306 summis
601 1233 680 1314 ,tuis
706 1233 885 1307 beneficiis
910 1259 995 1309 con·
1028 1262 1037 1312 5

138 1347 210 1420 lere
219 1347 365 1421 audeam
376 1372 477 1445 quam
487 1348 619 1422 animus
628 1348 702 1447 ipse
713 1372 820 1438 meus,
834 1348 893 1446 qui
903 1349 995 1424 adeo

137 1462 183 1535 de
200 1488 238 1537 se
257 1463 431 1560 presumit,
451 1480 488 1536 ut
505 1486 587 1536 nea
609 1488 806 1562 quoequam
825 1464 914 1538 vinci
937 1482 995 1539 aut

136 1578 290 1676 superari
318 1578 484 1675 paciatur,
512 1578 594 1675 quin
620 1579 709 1653 etsi
735 1604 804 1653 non
830 1579 994 1678 operibus

136 1717 265 1790 parem,
301 1695 477 1766 voluntate
507 1710 620 1767 tamen
651 1710 688 1768 et
720 1710 842 1791 suapte
877 1711 994 1769 natura

138 1809 349 1906 superiorem
365 1808 462 1906 quasi
477 1809 664 1882 arbitratur.
680 1808 914 1907 Accipieudus
932 1810 994 1883 ita-
1009 1842 1038 1877 10

138 1950 206 2023 que
225 1941 278 1998 est
295 1924 356 1998 tibi
375 1924 506 1998 animus
524 1924 598 2022 ipse
608 1924 709 1998 solidi
727 1925 824 2023 quasi
842 1925 994 2023 pignoris

139 2040 250 2114 instar.
271 2043 390 2138 ltaque
408 2065 464 2112 me
483 2039 543 2112 tibi
562 2057 668 2113 totam
687 2039 791 2114 dedo.
812 2042 854 2114 Et
871 2067 940 2138 que
959 2058 992 2114 te

138 2155 229 2252 prius
267 2156 450 2253 diligebam
490 2180 581 2229 nunc
619 2181 709 2245 amo,
740 2179 810 2254 que
836 2172 870 2230 te
901 2155 993 2254 prius

137 2270 316 2344 laudabam
336 2296 425 2345 nunc
443 2271 604 2361 admiror,
622 2288 658 2346 et
672 2298 741 2370 que
755 2273 846 2370 prius
862 2297 906 2346 ex
920 2272 993 2345 aliis

138 2385 382 2475 fortitudinem,
418 2386 617 2485 equitatem,
654 2386 757 2461 fidem
804 2386 990 2470 audieram,
1009 2417 1034 2467 ις

137 2527 227 2575 nunc
241 2502 349 2593 hisce,
361 2520 396 2577 ut
409 2503 512 2592 aiunt,
523 2503 634 2576 oculis
642 2528 807 2577 summam
819 2502 851 2575 in
863 2520 897 2577 te
910 2502 990 2592 vidi,

137 2617 373 2692 liberalitatem
401 2618 516 2692 adicio
542 2634 578 2690 et
594 2618 696 2691 animi
727 2618 990 2715 simplicitatem,

137 2733 334 2808 comitatem
354 2752 390 2806 et
406 2750 608 2806 ornamenta
625 2732 773 2830 quedam
797 2731 991 2807 veneranda

137 2849 251 2944 potius
269 2874 370 2946 quam
389 2846 569 2922 laudanda.
586 2848 730 2946 istisque
748 2849 909 2946 prolecto
926 2848 991 2920 vir-

138 2965 263 3038 tutibus
280 2964 472 3038 amiciciam
492 2982 582 3037 tuam
600 2964 759 3037 omnibus
776 2965 877 3038 rebus
894 2981 991 3037 ante·
1005 2998 1035 3033 ιο

137 3080 246 3178 posui.
277 3082 357 3152 Nec
384 3080 569 3178 quicquam
584 3079 716 3153 facilius
730 3105 795 3153 nec
810 3079 990 3153 iocundius

137 3194 170 3266 in
196 3195 264 3268 vita
290 3195 370 3267 mihi
400 3195 587 3293 contigisse
613 3212 712 3268 certo
741 3196 857 3268 sciam.
890 3194 988 3296 Quid

137 3312 256 3409 plura?
287 3313 341 3385 Tu
369 3328 404 3384 ut
430 3311 564 3408 cepisti,
592 3336 647 3383 me
673 3336 749 3384 ama
776 3335 901 3408 meque
928 3311 989 3383 im-

184 3494 232 3559 (13)
250 3493 342 3542 deamo
356 3494 410 3542 aule
426 3506 482 3542 corr.
516 3491 567 3555 (ις)
583 3493 716 3542 audierem
732 3495 854 3543 aaucorr.
889 3492 939 3558 (ιι)
951 3494 987 3542 io

135 3574 244 3623 condius
259 3573 396 3635 quicquam
413 3573 436 3621 ln
452 3573 508 3621 ante
526 3585 584 3621 corr.
