2820 4680
264 1410 367 1484 Maia
384 1413 486 1485 lsolla
503 1410 646 1484 Andreoe
665 1410 834 1485 Contrario
850 1411 917 1484 sat.

172 1877 406 2225 Qou
427 1924 532 1996 parvo
550 1897 596 1972 lui
617 1899 648 1970 in
679 1897 874 1971 discrimine
897 1898 1019 1972 diebus

380 2014 442 2104 luis,
460 2013 552 2087 adeo
566 2029 601 2086 ut
614 2012 799 2087 admodum
815 2013 1017 2104 dubitarem,

378 2155 420 2203 an
438 2128 624 2229 aliquando
650 2129 693 2203 ad
721 2146 756 2204 te
782 2131 910 2205 litteras
935 2130 1018 2205 dare
1051 2164 1060 2211 ς

166 2269 314 2341 possem.
337 2246 464 2318 Verum
482 2244 552 2318 deo
571 2244 749 2319 immortali
776 2245 881 2319 visum
900 2262 963 2334 est,
984 2263 1019 2319 ut

165 2358 280 2432 adhuc
314 2384 531 2457 superessem
564 2360 682 2433 nescio
710 2360 862 2434 fortassis
880 2378 915 2434 ut
932 2361 1017 2434 alios

166 2473 312 2549 maiores
331 2476 467 2549 labores
484 2491 520 2548 et
545 2500 713 2549 aerumnas
738 2476 896 2550 subirem.
930 2479 1016 2574 Ego

167 2615 210 2662 ne
227 2615 323 2663 esses
337 2590 451 2664 animo
469 2615 637 2688 suspenso
647 2588 805 2687 (arbitror
817 2591 907 2665 enim
918 2608 953 2665 te
968 2592 1017 2664 in-

164 2704 321 2779 credibili
332 2704 454 2780 dolore
464 2731 506 2780 ac
518 2706 675 2780 molestia
688 2723 830 2804 propter
844 2733 899 2780 me
912 2707 1017 2781 allec-
1034 2741 1063 2777 ιο

165 2837 235 2893 tum
250 2818 339 2916 esse)
358 2820 498 2894 decrevi
517 2837 622 2920 atque
639 2822 739 2896 statui
754 2822 814 2895 tibi
829 2822 880 2896 his
898 2822 1017 2897 litteris

165 2936 358 3033 significare
389 2962 444 3009 me
467 2936 581 3010 divina
607 2937 843 3036 potiusquam
872 2939 1018 3012 humana

164 3076 234 3149 ope
252 3052 476 3126 convaluisse.
497 3052 609 3149 Igitur,
630 3052 673 3124 mi
694 3052 840 3142 Andrea‚
859 3053 904 3127 sis
923 3054 1016 3127 bono

165 3166 290 3256 animo,
318 3183 354 3238 ut
378 3166 484 3239 virum
512 3166 626 3240 decet.
657 3170 746 3240 Nam
774 3168 837 3241 etsi
865 3167 1015 3242 nondum

165 3307 237 3356 sum
256 3281 337 3356 satis
355 3282 460 3370 firma,
480 3299 622 3381 propter
648 3283 824 3358 adversam
850 3283 1058 3368 valetudi-15

213 3554 264 3620 (15)
280 3555 347 3619 aum]
364 3569 419 3606 sue
434 3568 463 3606 ex
479 3555 556 3606 audace
568 3556 659 3622 profert
669 3555 699 3607 G
733 3555 896 3606 valitudinem
913 3556 939 3605 S.
