2814 5116
586 977 639 1050 ²5¹

239 1139 443 1212 Faciliusais
454 1139 660 1236 potuisseab
673 1138 877 1213 amicissima
889 1138 1038 1236 coniuge

188 1255 292 1327 virum
312 1255 426 1353 decipi
454 1280 554 1352 quam
583 1255 671 1329 illam
690 1272 897 1353 aserpente.
917 1259 962 1328 At
977 1278 1040 1328 cur

189 1395 256 1442 non
276 1357 382 1467 magis
390 1370 499 1444 Adam
512 1371 542 1442 in
554 1370 905 1466 perfectascientiaet
918 1369 1038 1467 cogni-

189 1485 283 1557 tione
309 1484 425 1558 adeo
452 1504 588 1559 creatus
615 1485 725 1582 potuit
750 1511 771 1559 a
799 1510 888 1560 voce
905 1501 942 1559 et
959 1509 1038 1584 per·

187 1602 346 1675 suasione
373 1601 587 1699 imperfectae
614 1601 761 1675 mulieris
779 1625 915 1689 cavere,
933 1625 1036 1699 quant
1070 1632 1079 1681 t

187 1716 309 1789 debilis
336 1716 564 1813 ignoransque
585 1716 773 1790 secundum
794 1733 945 1791 naturam
964 1743 1037 1792 mu-

188 1833 248 1905 lier
261 1834 306 1905 ab
315 1832 520 1905 astutissimo
537 1849 709 1929 serpente,
724 1833 781 1929 qui
796 1833 1036 1931 interpretatus

186 1966 238 2020 est
255 1947 415 2043 sapiens?
439 1947 587 2037 Diutius,
607 1947 685 2020 item
705 1947 858 2038 dicebas,
877 1949 1037 2045 peccavit

189 2066 267 2150 Eva,
294 2088 379 2161 ergo
405 2064 511 2161 magis
534 2064 703 2160 peccavit,
723 2089 799 2138 nam
818 2089 889 2161 quo
906 2064 1035 2139 diutur-

187 2180 282 2252 niora
307 2197 384 2252 sunt
410 2197 558 2275 peccata
583 2205 628 2253 eo
644 2181 810 2278 graviora.
842 2180 983 2254 Scilicet
1000 2179 1034 2253 id
1052 2207 1082 2244 ιο

186 2319 301 2368 verum
332 2310 395 2382 est,
425 2317 503 2367 cum
535 2313 682 2392 peccata
711 2314 787 2369 sunt
818 2296 913 2392 paria
940 2312 977 2369 et
1001 2295 1034 2368 in

185 2410 311 2483 eodem
338 2411 390 2482 vel
418 2409 449 2481 in
481 2409 589 2500 simili,
617 2410 678 2484 sed
696 2410 805 2485 Adam
824 2428 859 2484 et
877 2412 948 2484 Eva
965 2436 1034 2484 non

187 2526 320 2599 luerunt
346 2549 457 2621 pares,
476 2525 556 2620 quia
572 2525 681 2600 Adam
701 2527 823 2600 animal
841 2527 1033 2623 perfectum

184 2658 220 2712 et
247 2642 317 2713 Eva
342 2638 580 2737 imperfectum
606 2659 710 2738 atque
729 2643 897 2740 ignorans.
926 2644 975 2716 Ut
999 2659 1034 2719 te

184 2774 326 2830 auctore
358 2772 441 2841 utar,
473 2757 591 2829 mulier
620 2760 815 2855 exemplum
849 2775 885 2829 et
914 2781 1035 2831 caussa
1051 2784 1076 2833 u

186 2873 321 2967 peccati
333 2874 403 2962 luit,
413 2892 466 2946 et:
483 2875 650 2946 Caussam
662 2873 885 2970 ignorantium
901 2872 1034 2947 ludaeo·

186 3013 269 3077 runt,
296 2989 377 3084 quia
403 2989 511 3085 prima
529 2988 600 3077 luit,
619 2988 725 3085 magis
742 2987 914 3061 damnavit
931 2988 1034 3061 Chri·

184 3120 255 3175 stus
284 3127 394 3199 quam·
407 3103 505 3176 Pilati
524 3104 737 3191 sententiam,
757 3119 933 3199 postremo
952 3105 1033 3178 loco

185 3217 336 3292 dicebas.
368 3219 463 3291 Dico
488 3243 567 3316 eg0,
587 3219 682 3316 quod
701 3219 859 3292 Christus
876 3242 1031 3292 caussam

185 3333 407 3430 ignorantium
436 3333 626 3408 ludaeorum
655 3361 722 3408 non
749 3334 921 3408 damnavit
954 3334 1033 3430 quia
1048 3359 1079 3395 ²0

185 3449 292 3544 prima
318 3449 427 3538 luerit,
453 3449 515 3523 sed
542 3449 623 3547 quia
646 3469 719 3523 erat
745 3474 788 3522 ex
807 3448 946 3547 propria
963 3472 1033 3522 ma-

184 3565 253 3637 litia
277 3582 382 3662 atque
407 3565 637 3638 obstinatione
664 3589 769 3663 prava
789 3589 832 3638 ac
848 3564 1031 3638 diabolica.

186 3682 267 3752 Non
279 3680 322 3753 illi
334 3680 451 3777 utique
460 3705 505 3753 ex
516 3681 704 3778 ignorantia
713 3681 1032 3777 peccabantneque

229 3936 279 4000 (19)
296 3949 421 3986 caussae.
457 3936 506 4000 (23)
524 3949 572 3985 nec
594 3949 614 3985 e.
