2814 5116
123 1126 225 1199 deum
245 1125 331 1199 illius
345 1144 528 1223 peccatum
547 1127 640 1225 parvi
659 1126 795 1216 secisse,
809 1129 857 1201 ob
878 1127 976 1202 cuius

123 1241 239 1314 delicti
267 1240 465 1316 tenuitatem
493 1244 600 1314 multo
630 1242 736 1341 magis
767 1241 976 1340 redemptio-

124 1381 201 1429 nem
233 1357 354 1430 meruit
384 1357 503 1455 mulier
533 1382 635 1454 quam
667 1360 782 1431 homo.
821 1360 911 1432 Nam
943 1360 975 1432 in

123 1474 248 1568 angelo
275 1471 475 1570 ignorantiae
501 1473 690 1561 excusatio,
719 1489 754 1545 ut
772 1473 804 1545 in
824 1474 975 1564 muliere,

126 1613 192 1660 non
211 1586 406 1671 admittitur,
431 1588 487 1683 qui
507 1587 646 1683 quidem
665 1588 739 1660 sine
757 1588 977 1685 inquisitione
1009 1622 1018 1672 t

123 1722 159 1774 et
188 1702 342 1775 discursu
374 1702 528 1799 intelligit
557 1720 592 1775 et
627 1703 836 1776 intellectum
873 1705 977 1778 habet

125 1818 231 1914 magis
259 1817 462 1891 deiformem
489 1842 591 1914 quam
619 1821 736 1899 homo,
759 1818 814 1891 cui
832 1818 975 1893 similem

124 1932 241 2006 dicere
272 1956 453 2030 possumus
484 1934 587 2006 Evam
617 1933 835 2030 appetivisse.
866 1935 977 2033 Prop—

125 2067 220 2121 terea
253 2050 394 2145 angelus
412 2047 536 2121 dicitur
560 2047 799 2123 intellectualis
816 2066 853 2122 et
871 2052 977 2124 homo

125 2165 307 2252 rationalis,
326 2179 361 2235 et
380 2163 436 2236 ubi
451 2164 570 2236 mulier
582 2188 626 2236 ex
641 2164 796 2262 appetitu
810 2164 975 2255 scientiae,
993 2198 1022 2235 ιο

123 2282 264 2376 angelus
284 2278 442 2375 peccavit
459 2302 503 2349 ex
520 2278 675 2376 appetitu
690 2279 866 2376 potentiae.
887 2281 977 2353 Om-

125 2393 264 2469 nimoda
306 2393 443 2467 visionis
482 2393 625 2467 scientia
659 2411 775 2490 potest
808 2413 977 2470 creaturae

125 2509 382 2598 communicari,
409 2509 472 2583 sed
499 2534 567 2583 non
597 2509 797 2584 omnimoda
823 2511 978 2606 potentia

125 2626 180 2698 dei
209 2643 244 2698 ut
265 2625 389 2698 animae
414 2625 554 2698 Christi.
584 2628 667 2697 ltem
687 2625 807 2698 mulier
824 2649 976 2722 peccans

125 2741 170 2814 de
196 2741 295 2813 venia
320 2740 484 2838 cogitavit
521 2740 669 2814 credens
696 2741 812 2836 utique
842 2764 880 2814 se
907 2766 975 2814 non
993 2776 1018 2828 ις

124 2856 215 2929 adeo
232 2856 379 2953 graviter
397 2879 557 2952 peccare,
578 2874 613 2928 ut
638 2854 724 2929 deus
749 2873 817 2928 tam
838 2880 977 2953 gravem

127 2991 249 3069 postea
292 2973 416 3044 laturus
452 2971 540 3044 soret
574 2971 798 3058 sententiam;
838 2973 978 3069 angelus

125 3106 238 3160 autem
261 3086 306 3159 de
338 3087 411 3183 ipsa
433 3087 532 3160 venia
561 3111 629 3160 non
661 3086 834 3184 cogitavit.
873 3086 977 3160 Unde

126 3202 318 3300 Gregorius
345 3228 376 3295 4.
408 3201 610 3274 Moralium:
639 3201 739 3273 Primi
759 3209 912 3298 parantes
933 3200 980 3273 od

126 3319 186 3390 loc
212 3317 352 3415 requisiti
374 3325 458 3406 sunt,
488 3326 523 3388 ut
546 3325 729 3413 peccalum,
762 3314 852 3414 quod
875 3325 978 3388 trans-
993 3352 1023 3389 ω

123 3433 298 3531 gradiendo
340 3431 573 3523 commiserant,
611 3430 793 3533 confitendo
826 3429 975 3504 delerent.

126 3554 170 3621 At
192 3574 334 3646 serpens
361 3549 416 3620 ille
435 3535 627 3645 persuasor,
648 3547 729 3643 quia
747 3573 814 3651 non
832 3562 907 3619 erat
923 3571 977 3619 re-

127 3665 302 3738 vocandus
320 3664 363 3738 ad
381 3664 525 3751 veniam,
537 3687 605 3735 non
623 3679 677 3736 est
694 3662 739 3736 de
752 3662 978 3760 culparequi·

126 3780 218 3853 situs.
239 3782 360 3879 Quare
378 3781 459 3853 satis
472 3796 616 3876 apparet
631 3781 734 3853 Evam
750 3780 857 3852 multo
871 3778 977 3876 magis

128 3896 400 3993 redemptionem
436 3919 538 3991 quam
582 3895 761 3968 daemones
803 3894 975 3967 meruisse.
992 3930 1020 3980 ις
