2820 4680
672 555 727 618 128

266 744 397 825 quanto
423 727 560 800 vinculo
582 726 711 801 Christi
735 744 771 801 et
787 726 915 801 sanctis
933 727 997 800 tuis
1016 726 1118 799 mori-

266 844 341 931 bus,
373 859 503 939 quanto
531 859 567 915 et
585 842 744 940 singulari
772 842 931 916 doctrina
947 859 984 916 et
1001 860 1118 914 vetere

265 958 375 1055 gratia
401 958 479 1031 mihi
507 976 543 1031 et
569 957 800 1032 admirabilior
829 975 866 1030 et
895 958 1038 1031 amicior
1068 983 1117 1045 es,

267 1090 362 1148 tanto
377 1073 493 1170 utique
513 1073 663 1170 fragilior
680 1091 716 1147 et
734 1073 895 1146 infirmior
913 1072 1018 1147 videri
1038 1073 1117 1146 mihi

239 1188 372 1274 rdebet
398 1215 552 1288 praesens
570 1206 684 1263 tecum
703 1206 739 1263 et
768 1189 888 1262 allatus
918 1205 953 1262 et
985 1205 1119 1262 mutuus

264 1306 443 1378 oculorum
479 1305 661 1379 contuitus.
695 1303 779 1378 lllud
808 1305 899 1378 enim
930 1303 1065 1378 adiutus
1099 1329 1120 1377 a

265 1419 407 1494 domino
433 1423 514 1519 lego
545 1421 683 1495 timidus
713 1445 869 1519 semper:
904 1421 1032 1495 Melior
1066 1438 1119 1494 est

265 1535 423 1634 iniquitas
461 1535 519 1608 viri
559 1561 661 1633 quam
693 1537 783 1610 bene
827 1535 957 1610 faciens
988 1535 1118 1623 mulier,

265 1677 367 1750 quem
392 1654 506 1725 locum
525 1653 576 1726 sic
593 1652 742 1750 accipio,
763 1669 799 1726 ut
817 1652 926 1726 minus
944 1652 1118 1726 nociturus

223 1804 252 1839 10
265 1766 398 1841 dicatur
410 1767 462 1840 vir
477 1791 560 1842 sane
575 1793 722 1865 nequam
737 1792 839 1865 quam
855 1767 974 1842 mulier
987 1784 1117 1854 sancta,

265 1881 292 1956 si
319 1882 452 1980 utrique
478 1909 574 1981 saepe
596 1883 844 1957 communices.
867 1885 959 1957 Haec
977 1881 1117 1981 quidem

266 1997 353 2072 inter
377 2023 415 2072 se
435 1998 490 2072 ubi
509 1999 709 2097 conspirant
725 1998 829 2072 virtus
846 2015 882 2072 et
900 1998 1020 2086 sorma,
1048 2014 1117 2071 stu-

266 2138 331 2212 por
355 2130 392 2187 et
415 2139 529 2204 sexus,
555 2114 743 2213 appetendi
762 2114 970 2189 irritamenta
987 2140 1117 2212 conge-

265 2229 393 2302 minant
402 2253 445 2302 ac
455 2231 691 2304 vehementius
705 2230 857 2303 afficiunt
875 2255 977 2327 quam
988 2230 1116 2328 simpli-

147 2380 152 2388 ,
223 2379 247 2431 ις
265 2344 352 2418 citer
366 2371 477 2418 unum.
489 2345 559 2419 Sed
569 2363 604 2420 et
618 2346 798 2445 spiritualis
809 2371 905 2419 amor
914 2347 1117 2420 affectiones

264 2459 476 2559 quandoque
502 2477 538 2534 et
559 2486 719 2535 sensuum
746 2479 858 2536 motus
877 2462 1012 2536 mollius
1030 2462 1117 2559 rapit

264 2593 300 2651 et
326 2575 463 2649 tandem
483 2575 694 2674 improvidos
712 2577 819 2650 flectit
835 2577 880 2651 ad
899 2577 1005 2651 nesas.
1033 2579 1117 2651 Hoc

264 2694 422 2790 parvulus
448 2718 517 2766 non
536 2694 688 2766 verebar.
717 2693 770 2767 nd
788 2709 822 2765 te
840 2718 861 2767 e
879 2692 961 2767 ludo
979 2695 1116 2768 schola·

263 2834 333 2907 que
347 2808 449 2897 ibam,
465 2825 579 2882 tecum
594 2834 736 2907 quoque
754 2826 790 2883 et
807 2833 886 2882 cum
906 2809 1116 2883 nobilissima

220 2949 305 2999 20ac
335 2924 584 3023 sapientissima
619 2942 676 2999 tua
703 2942 809 3000 matre
837 2927 989 3024 nugabar
1016 2925 1116 2999 libra·

264 3038 383 3137 riaque
409 3041 441 3113 in
461 3058 518 3115 tua
535 3043 624 3115 cella
641 3058 676 3116 et
693 3041 898 3131 assidebam,
919 3041 975 3115 ubi
994 3041 1115 3116 dulces

264 3157 407 3255 hymnos
437 3174 473 3230 et
506 3159 712 3255 psalmorum
750 3183 909 3232 numeros
943 3175 977 3232 te
1012 3182 1115 3231 suave

263 3288 445 3346 canentem
472 3275 569 3347 laetus
595 3272 786 3348 audiebam.
817 3275 922 3347 Nunc
939 3291 1052 3348 autem
1071 3273 1115 3348 ad

263 3387 458 3486 religiosam
468 3389 569 3462 vitam
588 3389 811 3487 habitumque
829 3414 1016 3466 conversus
1033 3389 1114 3465 duxi

310 3536 344 3602 (3)
360 3536 490 3587 amicicior
505 3538 558 3586 cdd.
