2820 4680
537 587 591 662 ²03

137 754 219 827 lieet
236 751 430 826 inordinate
447 768 614 850 appetere
631 752 675 824 sit
692 769 888 849 peccatum,
902 753 991 827 sicut

139 869 172 941 in
191 869 271 957 Eva,
282 892 362 963 quae
375 884 488 940 tamen
508 892 575 940 non
594 866 760 964 appetivit
777 891 904 941 seesse
921 868 992 943 deo

138 983 279 1056 similem
307 983 339 1055 in
371 982 536 1080 potentia,
562 981 625 1054 sed
643 981 676 1054 in
694 982 838 1056 scientia
863 1000 990 1057 tantum

139 1099 221 1172 boni
255 1115 291 1172 et
324 1097 414 1186 mali,
440 1098 502 1171 sed
528 1097 624 1195 quod
655 1098 718 1171 sibi
744 1116 817 1172 erat
842 1100 945 1173 etiam
972 1125 993 1173 a

140 1232 258 1289 natura
275 1238 483 1312 persuasum.
1006 1244 1017 1298 t

188 1332 298 1434 Quod
316 1349 429 1405 autem
449 1332 553 1405 verba
571 1333 642 1406 illa:
661 1332 699 1405 Si
709 1332 818 1406 Adam
836 1358 899 1406 nort
911 1348 993 1432 pec·

140 1456 257 1539 cassel,
280 1465 314 1521 te
332 1448 365 1520 in
395 1447 566 1521 sententia
591 1449 806 1538 confirmant,
837 1449 918 1545 quia
947 1449 993 1523 ita

141 1565 285 1638 sortasse
302 1563 462 1661 peccavit
488 1565 569 1653 Eva,
597 1581 632 1637 ut
650 1589 718 1637 non
738 1566 898 1639 meruerit
914 1565 994 1639 red·

139 1679 349 1777 emptionem
375 1679 480 1751 veluti
506 1678 696 1768 daemones,
723 1680 817 1769 dico,
844 1681 939 1777 quod
956 1696 992 1755 et

140 1795 214 1891 ipsa
239 1819 317 1868 cum
343 1794 452 1867 Adam
480 1794 661 1892 redempta
687 1796 759 1884 luit,
786 1797 867 1892 quia
891 1821 929 1868 os
949 1821 994 1869 ex
1008 1822 1038 1860 ιο

140 1909 265 1983 ossibus
281 1908 360 1983 meis
377 1918 500 1982 electro
517 1908 559 1982 de
575 1934 673 1982 came
689 1936 772 1983 mea.
801 1912 843 1983 Et
860 1912 887 1984 si
905 1911 993 1985 deus

139 2050 215 2099 eam
226 2041 433 2122 apparenter
441 2048 510 2096 non
522 2023 678 2113 redemit,
689 2027 757 2098 boc
772 2024 832 2098 luit
842 2025 992 2117 indubie,

140 2141 221 2238 quia
246 2140 331 2213 deus
359 2164 422 2236 pro
448 2139 553 2212 nihilo
580 2157 763 2237 peccatum
791 2141 877 2215 illius
902 2142 994 2216 aesti·

141 2255 253 2330 mavit.
279 2257 368 2330 Nam
395 2255 422 2327 si
441 2254 713 2351 redemptionem
737 2256 858 2329 meruit
877 2259 992 2347 homo,

142 2373 249 2445 multo
267 2371 374 2468 magis
399 2371 519 2444 mulier
545 2388 688 2468 propter
713 2371 830 2445 delicti
849 2373 995 2469 parvita·
1009 2398 1035 2450 ¹5

142 2504 221 2560 tem.
243 2488 332 2560 Nam
352 2486 384 2558 in
398 2488 523 2584 angelo
538 2510 605 2558 non
620 2486 681 2559 luit
695 2511 757 2583 per
771 2487 992 2585 ignorantiam

141 2601 333 2690 excusatio,
347 2601 477 2675 sicutin
488 2601 648 2687 muliere;
663 2604 804 2700 angelus
817 2603 906 2675 enim
921 2603 994 2677 sine

189 2759 223 2822 (2)
238 2773 268 2808 se
284 2772 313 2809 ex
329 2761 353 2807 Ε
366 2757 456 2808 adad.
491 2757 525 2820 (7)
544 2759 566 2806 in
587 2759 735 2807 sententium
756 2760 805 2818 CL,
820 2800 824 2804 .
840 2772 896 2808 corr.
916 2773 945 2809 ex
964 2761 993 2808 Ε.

142 2840 176 2902 (8)
193 2839 265 2901 quod
289 2853 339 2889 non
361 2841 389 2888 Ι..
414 2838 505 2886 meruit
529 2838 559 2896 C,
594 2839 626 2901 (9.
652 2839 690 2901 10)
713 2838 845 2889 dromones
860 2852 920 2900 quoe
937 2852 994 2889 cum

142 2919 223 2968 Adam
241 2920 375 2982 redempta
392 2919 437 2967 luit
454 2918 514 2980 quia
535 2920 562 2966 1..
598 2918 631 2980 (9)
650 2918 709 2967 dico
728 2920 756 2976 Ε,
775 2918 836 2968 dato
853 2919 883 2976 C,
901 2932 948 2968 om.
965 2920 994 2967 l..

142 2999 193 3062 (ro)
210 2999 251 3061 ex]
268 2998 303 3048 de
313 2998 342 3048 C.
378 2998 428 3060 (11)
438 2999 494 3047 Pori
502 2996 646 3047 mealitoec
656 2996 836 3046 inurilrUnde
845 2997 995 3047 anbrosius

143 3088 280 3140 utrumque
304 3078 371 3127 enim
393 3091 469 3127 sexus
497 3078 623 3127 Dominus
646 3077 786 3126 advenerat
811 3085 945 3127 curaturus
968 3086 995 3127 et

142 3159 214 3221 prius
229 3159 310 3208 sanari
327 3158 418 3207 debuit
434 3159 477 3219 qui
495 3158 567 3220 prius
578 3166 617 3205 est
628 3165 739 3206 creatus.
762 3158 819 3206 Nec
830 3155 995 3219 praetermicti

143 3239 183 3288 illu
208 3237 298 3287 debuit
322 3251 382 3299 que
406 3237 546 3286 mobilitate
570 3237 643 3285 animi
669 3237 747 3299 magis
771 3249 846 3298 quam
873 3237 995 3300 gravitate

142 3325 304 3380 peccaverat.
339 3319 387 3380 (rr.
415 3319 452 3379 ιι)
478 3317 546 3379 Ergo
570 3317 590 3365 si
615 3316 681 3365 deus
705 3325 861 3378 apparenter
885 3329 941 3365 eam
964 3318 992 3367 1..

143 3398 193 3460 (ιι)
216 3398 320 3447 indubie
342 3411 387 3447 om.
412 3399 439 3446 L.
474 3397 524 3460 (¹³)
542 3397 667 3446 extimavit
685 3397 715 3456 C,
734 3410 784 3446 non
801 3397 949 3446 existimavit
966 3399 993 3446 1..

144 3478 194 3541 (υ)
220 3478 297 3527 Unde
321 3479 341 3527 si
367 3480 444 3527 bomo
460 3477 552 3526 meruit
575 3476 778 3539 redemptionem
795 3478 821 3525 l..
857 3477 907 3538 (ις)
923 3489 993 3538 parv.

143 3559 194 3608 del.
213 3560 241 3607 l..
276 3562 323 3623 (16.
337 3561 373 3621 17)
389 3572 443 3608 exc.
462 3571 511 3620 per
527 3559 576 3620 ign.
595 3560 622 3605 1..
