2820 4680
869 537 909 613 46

460 709 641 805 singulare,
680 708 837 782 doctrina
870 734 938 781 non
970 707 1154 783 mediocris
1183 710 1309 783 elucet.

460 825 552 897 Cum
584 839 618 897 te
648 848 765 898 coram
800 826 999 920 loquentem
1034 823 1149 914 audio,
1184 840 1310 898 tantam

461 962 642 1037 cognosco
679 939 811 1013 consilii
847 939 1085 1029 maturitatem,
1120 938 1312 1037 prudentiae

460 1053 738 1153 singularitatem,
756 1053 926 1128 doctrinae
947 1054 1159 1151 gravimem,
1177 1071 1213 1127 ut
1230 1054 1311 1128 mihi

436 1201 445 1254 t
462 1171 555 1243 nullo
568 1185 674 1268 pacto
687 1169 868 1243 verisimile
886 1169 928 1243 sit
945 1194 966 1243 a
983 1172 1058 1244 sola
1075 1169 1200 1268 ingenii
1217 1171 1312 1246 acui·

461 1301 531 1359 tate
539 1301 576 1358 et
585 1309 696 1358 rerum
707 1285 923 1383 plurimarum
938 1285 1090 1360 lectione
1104 1285 1311 1385 procedere,

460 1400 524 1474 sed
549 1403 593 1475 ab
620 1401 678 1475 illo
703 1400 918 1475 sanctissimo
941 1401 1071 1500 spiritu,
1090 1401 1148 1498 qui
1167 1400 1223 1474 ubi
1241 1403 1313 1476 vult

460 1515 577 1615 spirat,
604 1516 662 1612 qui
690 1540 817 1613 corpus
844 1532 936 1589 tuum
964 1516 997 1589 in
1023 1516 1097 1590 eius
1114 1516 1310 1591 servitutem

462 1631 651 1722 redactum,
663 1633 753 1706 nulla
765 1634 972 1731 voluptuosa
980 1633 1084 1707 sorde
1094 1634 1311 1723 maculatum,

420 1746 652 1845 rovirginitate
677 1746 1000 1845 splendidissimum,
1028 1773 1097 1821 non
1122 1764 1219 1822 veste
1249 1746 1313 1822 sed

462 1862 613 1937 moribus
639 1880 794 1937 ornatum
822 1863 920 1961 regit,
948 1863 1097 1961 linguam
1132 1879 1168 1936 et
1193 1880 1313 1937 cetera

461 1979 612 2053 omnium
623 1980 852 2052 membrorum
862 1979 979 2053 ollicia
992 1978 1195 2076 dignissimis
1208 1979 1313 2053 allec·

462 2095 552 2167 tibus
574 2094 758 2185 illustravit,
777 2095 858 2168 nihil
875 2095 921 2169 de
940 2112 974 2168 te
993 2095 1084 2193 fingi,
1105 2095 1184 2168 nihil
1203 2095 1313 2192 suspi-

463 2209 532 2284 cari
558 2226 595 2282 et
610 2234 631 2283 a
649 2210 863 2308 nequissimis
881 2210 1016 2308 patitur,
1037 2210 1068 2282 in
1087 2226 1148 2284 tuo
1167 2227 1314 2308 pectore

420 2364 446 2415 ις
463 2325 604 2414 habitat,
630 2325 726 2399 cuius
744 2326 925 2400 electionis
944 2384 1064 2398 .....
1085 2349 1163 2399 cum
1182 2325 1251 2401 lata
1268 2325 1314 2400 sis

463 2441 601 2517 tandem
613 2499 717 2515 .....
734 2445 895 2516 mortales
909 2467 1008 2516 curas
1022 2442 1144 2539 posita,
1159 2442 1191 2515 in
1202 2443 1313 2542 ipsum

462 2558 588 2649 animo,
616 2575 742 2648 mente,
768 2583 869 2632 sensu
888 2573 1056 2632 conversa
1074 2583 1141 2632 non
1155 2558 1249 2633 vivas
1266 2575 1313 2650 tu,

463 2673 525 2749 sed
552 2674 626 2772 ipse
652 2674 685 2747 in
712 2690 747 2748 te
772 2675 871 2747 vivat.
899 2673 1102 2771 Superiores
1128 2672 1236 2764 docti,
1255 2673 1313 2773 qui

463 2789 678 2888 Semproniae
703 2805 739 2861 et
761 2788 962 2863 Cornificiae
980 2788 1132 2863 carmina
1148 2788 1314 2863 decanta-

420 2906 556 2995 20bant,
582 2922 640 2979 tua
673 2905 705 2979 in
740 2906 863 2978 caelum
898 2903 1054 2979 laudibus
1087 2904 1313 2996 extollissent,

463 3020 625 3118 quoniam
672 3020 804 3117 poesim
844 3036 878 3093 tu
913 3044 1089 3119 omneque
1127 3019 1314 3095 litterarum

462 3161 572 3233 genus
597 3135 785 3232 loquendo,
812 3134 1021 3233 disputando
1047 3136 1106 3208 tibi
1126 3134 1315 3210 familiaris·

463 3253 583 3326 simum
594 3249 782 3342 reddidisti,
792 3250 837 3325 ad
846 3275 968 3325 omnes
985 3251 1145 3326 liberales
1161 3250 1316 3350 discipli·

511 3515 560 3580 (ιι)
577 3530 653 3566 omne
669 3516 699 3577 C,
718 3515 754 3567 uel
769 3525 796 3567 et
809 3523 854 3581 pro
870 3525 896 3567 tu
912 3515 1074 3567 scollandum
