2820 4680
823 628 878 686 2⁴²

423 779 511 854 deus
542 796 666 854 auctor
695 796 749 855 est
789 798 848 855 aut
881 781 1062 870 conditor;
1098 782 1160 855 sed
1196 783 1279 856 Evae

424 894 614 993 ignorantia
638 920 659 969 a
684 912 804 970 natura
829 896 890 969 luit
907 896 1015 970 insita.
1041 897 1079 971 ld
1096 899 1278 971 confirma-

425 1027 478 1083 tur
503 1011 535 1083 in
563 1010 725 1108 pluribus,
752 1011 839 1084 inter
865 1036 954 1109 quos
975 1012 1032 1109 qui
1051 1014 1127 1110 plus
1144 1013 1279 1109 ignorat

426 1127 535 1200 minus
561 1144 697 1223 peccat,
717 1145 753 1200 ut
771 1151 857 1225 puer
874 1151 976 1225 quam
995 1152 1113 1216 senex,
1133 1130 1279 1204 rusticus

399 1266 528 1339 squam
554 1242 688 1330 nobilis,
715 1241 870 1316 subditus
896 1267 998 1339 quam
1030 1246 1199 1342 praelatus.
1238 1247 1280 1317 Et

426 1358 505 1432 hinc
540 1374 595 1432 est
629 1358 722 1431 iuxta
748 1360 990 1457 theologorum
1019 1360 1155 1457 placita,
1182 1360 1279 1458 quod

425 1498 494 1547 non
513 1498 635 1547 omnes
651 1474 832 1570 aequaliter
850 1491 1009 1549 tenentur
1027 1478 1155 1549 habere
1174 1476 1278 1549 fidem

424 1589 634 1687 explicitam,
665 1590 947 1688 quandoquidem
978 1592 1165 1689 explicatio
1201 1616 1279 1666 cre·

425 1707 617 1782 dendorum
636 1708 673 1780 fit
691 1707 900 1781 revelatione
918 1707 1032 1782 divina
1047 1724 1084 1781 et
1100 1706 1280 1782 credibilia

384 1851 412 1887 ιο
426 1824 592 1898 rationem
619 1840 782 1919 superant
809 1827 1014 1913 naturalem;
1034 1825 1108 1922 ipsa
1124 1847 1208 1898 vero
1227 1825 1278 1899 di-

426 1941 504 2014 vina
533 1940 697 2014 revelatio
731 1940 888 2014 ordinate
919 1966 982 2038 per
1010 1940 1205 2037 superiores
1234 1941 1280 2015 ad

426 2056 622 2129 inferiorum
653 2056 886 2154 cognitionem
918 2055 1084 2152 pervenit,
1115 2056 1203 2129 sicut
1233 2056 1278 2130 ad

426 2172 583 2245 homines
610 2196 672 2268 per
701 2172 844 2268 angelos
861 2188 897 2244 et
914 2171 958 2244 ad
977 2171 1156 2245 inferiores
1173 2196 1280 2270 ange-

427 2289 479 2360 los
505 2311 568 2383 per
592 2286 798 2384 superiores,
826 2303 863 2359 ut
898 2287 1056 2385 Dionysii
1091 2287 1280 2361 auctoritas

383 2428 409 2478 ις
428 2418 554 2475 monet.
581 2402 717 2476 lccirco
742 2401 865 2474 eadem
888 2402 1030 2476 omnino
1049 2402 1180 2475 ratione
1198 2402 1278 2475 lidei

427 2533 554 2591 nostrae
579 2517 846 2615 explicationem
865 2517 910 2591 ad
928 2517 1106 2591 inseriores
1124 2517 1280 2591 homines

427 2657 489 2730 per
515 2633 661 2706 maiores
687 2633 865 2730 pervenire
893 2634 1122 2706 necessarium
1141 2648 1204 2717 est,
1231 2635 1280 2706 ob

427 2747 532 2845 idque
558 2747 647 2821 sicut
669 2747 856 2821 nobiliores
873 2748 996 2845 angeli,
1016 2749 1074 2845 qui
1094 2748 1280 2822 illuminant

428 2862 616 2951 inferiores,
639 2863 792 2937 notitiam
822 2865 950 2937 habent
976 2863 1022 2936 de
1039 2866 1141 2938 rebus
1159 2864 1280 2937 divinis

381 3018 413 3054 ιο
428 2977 628 3076 pleniorem,
656 2977 703 3051 ita
727 2979 830 3052 etiam
858 2980 1005 3053 maiores
1032 2979 1198 3066 homines,
1233 2980 1278 3053 ad

428 3117 517 3191 quos
543 3092 691 3191 pertinet
716 3094 802 3168 alios
823 3093 970 3182 erudire,
990 3094 1199 3191 perfectiore
1217 3120 1280 3167 no·

428 3207 501 3282 titia
541 3206 587 3281 de
631 3209 733 3281 rebus
776 3208 961 3284 credendis
1002 3210 1176 3283 excellere
1219 3208 1280 3282 de-

428 3324 522 3412 bent,
548 3323 638 3397 sicut
661 3324 765 3398 etiam
800 3325 906 3422 magis
939 3324 1103 3422 explicita
1134 3323 1280 3397 credere

428 3515 475 3567 luit
491 3517 572 3578 insita,
590 3518 664 3567 cuius
680 3525 777 3568 nature
795 3517 851 3581 lpse
867 3517 933 3567 deus
949 3524 990 3567 est
1005 3523 1097 3568 auctor
1107 3516 1282 3578 etconditor;

425 3592 458 3656 a·
474 3599 501 3658 r·
521 3594 574 3656 aa
593 3605 693 3658 15-17·
