2820 4680
667 581 697 647 ¹5

260 737 328 812 rire
352 735 509 832 alllrmat)
548 736 594 812 ita
627 738 674 828 llt,
702 755 736 811 ut
775 763 871 812 mens
903 739 958 811 vix
998 757 1113 837 queat,

260 852 357 952 quod
395 852 422 926 si
461 869 557 927 recte
596 853 740 928 formata
773 853 847 944 erit,
883 854 1113 952 nequicquam

261 994 400 1068 prorsus
408 993 537 1066 capere
546 986 671 1067 potest.
687 970 845 1043 Accessit
854 987 1023 1068 praeterea
1033 972 1114 1044 haut

261 1084 445 1159 mediocris
469 1109 589 1159 eorum
616 1083 760 1159 inscitiae
785 1110 900 1174 causa,
920 1085 1111 1183 quodcum

260 1217 373 1276 textus
382 1198 584 1291 Aristotelis,
594 1201 775 1298 quiveram
786 1219 821 1275 et
830 1203 1023 1299 elegantem
1038 1201 1113 1299 phi·
1145 1232 1154 1281 t

259 1317 453 1415 losophiam
468 1317 657 1403 continent,
667 1317 789 1416 partim
803 1316 977 1415 negligunt
990 1318 1037 1391 ob
1052 1317 1112 1390 im-

260 1431 650 1531 peritiam‚partimavidi
659 1433 779 1530 gloriae
788 1449 824 1506 et
834 1432 1111 1530 honoriscupidi,

259 1573 467 1647 quamquam
477 1547 776 1646 profundissimum
789 1548 1110 1622 etobscurissimum

259 1664 543 1763 pbilosophorum
561 1667 642 1738 baut
669 1664 864 1761 intelligant,
886 1665 1111 1738 commentari

259 1797 372 1854 tamen
387 1797 517 1854 temere
531 1780 783 1878 aggrediuntur,
799 1780 914 1878 itaque
928 1779 1008 1854 dum
1026 1779 1110 1854 divi·
1128 1810 1156 1846 to

259 1922 337 1969 num
355 1897 575 1970 Aristotelem
593 1895 746 1970 dividere
760 1895 913 1971 subtilius
930 1913 1107 1985 conantur,

258 2014 410 2085 lacerant
448 2013 573 2110 potius,
603 2011 684 2086 dunr
710 2011 873 2100 lucidare,
892 2012 1108 2099 obumbrant,

257 2130 337 2205 dum
357 2130 542 2227 explicare,
561 2128 744 2227 implicant.
776 2128 840 2202 llis
857 2153 941 2225 ergo
958 2129 1110 2226 explosis

258 2271 347 2345 quos
363 2245 460 2343 sequi
479 2245 620 2334 debeas,
639 2244 786 2318 breviter
810 2244 983 2319 edocebo.
1012 2247 1107 2342 Lege

259 2359 1107 2460 igiturstudioseBoetiiSeverini‚virilacileacutis-
1125 2387 1150 2434 u

257 2475 331 2551 simi
349 2475 556 2574 abundeque
582 2475 770 2551 doctissimi
796 2479 962 2574 praeclara
988 2502 1107 2550 monu-

257 2614 384 2687 menta,
403 2596 436 2670 id
455 2613 508 2670 est
525 2611 688 2670 tractatus
712 2617 844 2680 omnes,
871 2617 961 2690 quos
984 2593 1014 2665 in
1033 2610 1106 2667 arte

255 2711 417 2787 dialetica
437 2711 571 2786 erudite
591 2708 755 2799 confecit,
782 2708 908 2783 eteius
928 2733 1106 2783 commen-

255 2829 371 2918 tarios,
406 2852 496 2927 quos
530 2828 561 2901 in
596 2826 786 2902 Aristotelis
815 2824 1037 2922 cathegoriis
1070 2843 1106 2900 et

286 2995 482 3059 (nlloenutat'.
501 2995 633 3058 necqu.C‚
652 2996 836 3058 nequicquam
859 2997 885 3043 V.
919 2995 1105 3060 (3lpropterea

253 3078 338 3126 nutv.
365 3074 400 3140 tr)
417 3076 554 3126 rusrrerec
573 3075 808 3137 (quinotrrtscv.
834 3077 951 3138 enegc.
980 3076 1104 3141 (atquin-

254 3170 308 3219 que
328 3158 356 3204 V.
390 3156 624 3206 obscuratissimum
646 3156 674 3203 V.
717 3155 751 3217 (9)
775 3156 985 3218 philosophorum
1006 3174 1051 3209 om.
1074 3163 1102 3209 V.

254 3236 323 3286 haud
346 3238 374 3285 V.
419 3236 557 3286 comentari
585 3236 615 3295 C,
644 3245 840 3286 commentatum
867 3238 895 3285 v.
941 3239 990 3300 (ro)
1009 3243 1103 3304 tamen}

253 3331 312 3367 cum
327 3318 355 3365 V.
388 3316 478 3379 agred.
496 3316 526 3366 0
561 3314 611 3379 (tt)
622 3317 777 3365 aristotilem
795 3317 825 3366 C
860 3318 926 3367 subt.
937 3333 994 3369 oon.
1008 3321 1058 3369 dlv.
1074 3323 1101 3370 V.

253 3396 304 3459 (ις)
323 3396 403 3445 Bortli
421 3395 451 3446 C.
485 3396 535 3460 (16)
547 3395 720 3458 habundeque
730 3396 761 3455 C,
779 3396 928 3459 abundique
940 3399 968 3446 V.
985 3399 1035 3462 (ιγ)
1051 3408 1103 3451 tac-

253 3484 295 3524 tus
317 3476 346 3523 v.
381 3476 430 3538 (18)
452 3474 578 3538 dyaletica
604 3475 634 3525 C.
668 3476 717 3538 (19)
740 3489 807 3537 quos
834 3477 858 3524 ln
884 3478 940 3528 eius
967 3480 1103 3533 aristotilis

254 3556 323 3604 lietb.
344 3556 372 3604 V.
