2820 4680
697 589 757 653 450

299 741 507 818 suavissimae
518 740 1154 816 fructustuaeobliviscarconsuetudi·

300 856 1155 955 nis,nunquameroabstealienior,nunquamteet

300 971 1037 1062 menteetanimoabsentemaudire‚videre
1047 988 1154 1072 atque

298 1113 414 1162 amare
432 1087 597 1163 desinam.
618 1090 747 1189 Neque
766 1087 952 1187 aliquando
970 1087 1153 1187 quispiam,

273 1204 382 1279 ilicet
398 1203 557 1294 disertus,
576 1203 657 1277 mihi
676 1221 796 1303 posset
812 1204 916 1278 rebus
937 1203 1155 1303 amplissimis

299 1318 511 1418 persuadere
528 1345 630 1418 quam
650 1336 697 1410 tu,
717 1337 753 1394 ut
771 1344 861 1394 nunc
887 1343 998 1418 pauca
1023 1318 1070 1394 de
1088 1319 1155 1394 tuis

299 1434 456 1510 laudibus
472 1434 598 1526 dicam,
617 1453 652 1510 tu
670 1435 720 1508 vir
735 1435 888 1509 omnium
901 1435 1062 1534 optimus,
1075 1460 1154 1533 gra-

299 1549 456 1640 tissimus,
466 1549 687 1625 doctissimus
699 1566 805 1648 atque
818 1549 1066 1648 integerrimus,
1077 1551 1154 1626 bar·

299 1667 456 1741 barorum
476 1664 540 1740 ritu
559 1665 743 1766 quicquam
762 1665 859 1765 quod
877 1691 945 1740 non
967 1682 1061 1740 esset
1077 1665 1154 1764 dig-

257 1811 286 1847 10
299 1807 377 1854 num
389 1780 585 1880 praestantia
594 1797 662 1867 tua,
682 1781 825 1856 faceres.
847 1782 938 1856 Nam
957 1780 1015 1881 qui
1033 1800 1098 1871 est,
1118 1798 1155 1856 ut

299 1914 346 1984 tu,
365 1913 432 1972 tam
452 1897 629 1995 ingenuus,
647 1897 720 1971 sive
737 1897 784 1971 ita
801 1899 968 1995 praeclare
993 1914 1030 1972 et
1045 1923 1153 1996 gene-

299 2038 378 2087 rose
420 2037 441 2086 a
483 2011 667 2087 maioribus
704 2012 875 2087 institutus
915 2030 1021 2112 atque
1061 2013 1154 2110 opti-

300 2129 363 2204 mis
397 2128 549 2204 moribus
590 2128 755 2227 praeditus
797 2128 989 2228 insignique
1032 2128 1154 2204 mode-

298 2244 365 2320 stia
392 2270 436 2319 ac
463 2261 653 2336 venustate,
675 2245 748 2319 fieri
770 2247 863 2321 nullo
894 2243 1000 2320 modo
1024 2261 1153 2344 potest,

257 2393 283 2442 ις
300 2376 513 2458 repugnante
522 2359 657 2434 scilieet
666 2360 793 2434 eximia
805 2356 994 2459 illustrique
1024 2376 1153 2449 natura,

301 2491 337 2549 ut
362 2475 390 2549 is
407 2473 634 2550 inurbanitate
655 2475 752 2575 quasi
774 2475 917 2574 agrestis
934 2473 1074 2575 quidam
1096 2492 1154 2550 aut

302 2589 463 2689 ignobilis
490 2589 536 2664 uti
565 2591 684 2688 possit
710 2593 765 2680 Er,
790 2608 826 2665 ut
843 2590 888 2666 ad
914 2616 985 2665 rem
1013 2589 1152 2665 redeam

300 2704 444 2806 (quippe
461 2704 488 2780 si
506 2704 580 2779 fieri
606 2705 737 2804 posset)
756 2722 939 2806 postquam
961 2731 1007 2780 eo
1025 2704 1057 2778 in
1075 2729 1154 2781 coe-

300 2820 406 2895 nobio
423 2837 501 2895 sunt
518 2819 565 2895 ita
581 2844 725 2896 numero
738 2845 936 2920 perpaucae,
947 2838 1079 2911 tenues,
1090 2823 1153 2896 hu-

256 2971 288 3007 ιο
300 2935 398 3010 miles
426 2953 531 3035 atque
553 2933 740 3033 depressae,
767 2935 824 3011 ubi
850 2954 1066 3035 compertum
1092 2939 1153 3012 ha·

300 3053 430 3141 berem,
448 3050 493 3125 ad
511 3074 601 3151 quos
617 3050 830 3149 potissimum
852 3069 989 3150 spectat
1004 3076 1061 3127 res
1078 3051 1152 3143 ista,

298 3191 472 3265 sperarem
491 3165 556 3240 diis
569 3191 736 3265 prospere
755 3166 946 3242 faventibus
959 3193 1028 3243 non
1042 3166 1154 3242 invitis

298 3299 403 3382 atque
417 3283 683 3381 repugnantibus
695 3282 817 3358 iisdem
835 3283 987 3381 patronis
1004 3308 1153 3384 meaque

346 3466 381 3530 (1)
395 3467 543 3517 suavissime
564 3467 594 3518 Ο
628 3466 663 3532 (ὁ)
679 3469 724 3531 qui
737 3467 767 3530 C,
786 3467 858 3530 quod
869 3468 895 3518 ἃ
920 3475 956 3529 tu,
966 3475 993 3518 ut
1004 3468 1152 3531 nunc]tant.

299 3548 414 3600 NuncC
433 3548 467 3612 (9)
484 3547 632 3613 quiequam]
649 3549 709 3612 quir
726 3549 756 3600 Ο
790 3547 841 3612 (ιο)
859 3548 937 3600 utic
970 3548 1152 3614 (utquode
