2820 4680
696 575 757 650 426

297 763 384 834 runt,
411 745 516 818 nimio
544 745 658 819 surore
684 762 721 818 et
746 745 874 844 impetu
897 746 1001 819 veluti
1019 744 1155 820 catenis

298 861 417 936 ferreis
434 860 637 960 quibusdam
655 886 698 936 ac
723 861 866 936 vinculis
891 860 1155 961 quodammodo

298 976 330 1049 in
347 977 504 1050 servilem
535 976 674 1050 modum
694 976 786 1049 inviti
804 977 948 1050 detineri
967 993 1154 1074 eoguntur.

299 1094 374 1190 Ego
404 1091 493 1166 enim
522 1091 820 1167 fortunatissimum
848 1092 1156 1190 beatissimumque

271 1207 454 1298 edixerim,
482 1207 537 1281 cui
557 1207 589 1278 in
609 1225 817 1304 potestatem
839 1207 1024 1306 Cupidinis
1048 1206 1156 1282 dirio-

298 1348 447 1422 nemque
465 1323 581 1397 venire
599 1323 778 1421 contingit,
802 1322 943 1422 quando
962 1324 1154 1420 prresertim

298 1441 389 1513 hunc
407 1439 552 1513 Veneris
570 1439 728 1537 Iovisque
746 1439 849 1512 filium
869 1465 937 1513 non
955 1438 1062 1513 modo
1089 1465 1156 1537 po-

298 1554 522 1629 tentissimum
540 1554 683 1628 deorum
701 1555 865 1645 omnium,
883 1554 946 1628 sed
964 1554 1067 1628 etium
1081 1555 1156 1629 vic·

298 1687 407 1744 torem
436 1670 539 1744 fuisse
564 1669 774 1768 accepimus,
801 1688 848 1759 et,
876 1687 911 1744 ut
938 1670 1089 1743 nonnihil
1117 1671 1153 1743 in

256 1818 285 1853 ιο
298 1785 481 1884 praesenria
491 1785 639 1883 poeticis
648 1785 769 1859 sabulis
783 1784 972 1883 largiamur,
987 1784 1153 1882 quoniam

297 1900 344 1974 dii
370 1925 491 1973 omnes
509 1918 545 1973 et
562 1900 683 1998 singuli
694 1900 915 1997 contagione,
935 1917 970 1972 ut
983 1899 1034 1974 sic
1052 1899 1154 1973 dixe-

297 2017 371 2107 rim,
390 2016 536 2114 quadam
555 2017 778 2090 vehementer
798 2033 961 2105 amarunt,
981 2016 1097 2089 cuncti
1115 2033 1155 2090 er

299 2132 372 2230 ipse
399 2131 549 2229 inprimis
575 2132 701 2229 iupiter
725 2131 875 2229 optimus
897 2130 1062 2204 maximus
1088 2133 1155 2205 ho-

299 2247 424 2320 minum
443 2272 625 2344 rerumque
643 2265 800 2344 repertor
812 2264 892 2321 ante
905 2270 1039 2320 currum
1054 2247 1155 2343 pueri

256 2397 282 2446 ις
299 2361 535 2459 triumphantis
552 2362 707 2460 captivus
724 2379 829 2460 atque
847 2362 1023 2435 subiectus
1040 2362 1155 2459 Cupi·

299 2478 369 2552 dini
395 2477 531 2551 ducitur
555 2495 742 2552 catenatus.
775 2481 900 2552 Verum
927 2478 1017 2551 enim
1057 2502 1155 2569 ver0,

299 2592 461 2692 quoniam
491 2618 732 2690 saepenumero
758 2597 884 2668 lectum
916 2610 969 2667 est
998 2617 1154 2668 amorem

300 2710 376 2806 plus
392 2710 488 2781 aloes
501 2733 602 2804 quam
622 2708 731 2783 mellis
748 2710 888 2798 habere,
903 2707 998 2806 quid,
1011 2734 1076 2782 oro
1090 2734 1157 2808 per

300 2823 475 2914 de08,tam
487 2823 1042 2913 miserum,tamlaboriosum,tam
1052 2850 1157 2923 aspe-

257 2975 287 3009 ιο
301 2965 384 3026 rum,
412 2956 479 3012 tum
514 2940 689 3030 acerbum,
720 2938 882 3038 denique,
910 2958 945 3013 ut
970 2938 1020 3013 sie
1055 2940 1156 3014 dixe-

299 3054 373 3142 rim,
392 3072 459 3128 ram
474 3054 668 3145 exitiosum,
682 3080 784 3153 quam
799 3055 914 3129 mollia
927 3072 1023 3154 pratu
1036 3079 1157 3154 aege

300 3170 390 3244 lidos
412 3170 526 3244 sontes
550 3171 661 3245 oculis
688 3171 833 3246 intueri?
861 3173 1002 3270 Loquor
1028 3172 1074 3246 de
1101 3173 1155 3265 iis,

347 3379 381 3446 (ι)
401 3383 516 3431 cathenis
538 3383 568 3433 C.
602 3381 681 3447 (det
704 3383 734 3433 C·
769 3383 802 3447 (3)
819 3384 937 3433 detinere
955 3383 985 3433 G
1020 3384 1157 3447 (ddisse

301 3463 347 3510 rim
362 3463 387 3511 S.
430 3463 478 3526 (ιο)
500 3476 579 3524 quum
605 3465 630 3524 S,
656 3477 734 3525 quem
759 3465 789 3513 0
823 3465 944 3529 (15)utq.
970 3464 1160 3516 habendum

300 3551 372 3600 codex
388 3551 411 3599 r'n
430 3551 459 3600 C.
494 3552 542 3612 (19.
562 3554 601 3615 20)
615 3567 719 3613 asprum
728 3552 758 3601 C.
