2814 5116
427 1296 591 1367 LXXXI.

396 1523 485 1583 (Utinl
503 1537 526 1572 a.
548 1524 625 1584 1461.)

86 1704 218 1752 firmatur
245 1701 360 1752 scribendi
374 1701 490 1760 tardilos,·
511 1703 579 1765 optol
594 1701 680 1752 litteras
695 1701 815 1752 Damt'astr'
828 1704 851 1751 cl
867 1704 935 1752 lrotoe

441 1782 576 1831 adventum.

85 1960 266 2035 ludovicus
283 1964 484 2034 Fuscarerrus
505 1958 676 2055 Damiono
694 1958 851 2056 Burgensi
864 1960 931 2034 Sol.
966 1978 976 2030 r

96 2207 432 2299 ιζ’·ρτωτεΜ
465 2206 629 2280 tabellarii
660 2205 763 2280 lidem
795 2233 861 2282 non
893 2209 933 2281 ti·

93 2330 181 2407 ,μ’
225 2292 256 2421 Ξ
295 2347 398 2411 meas,
430 2320 474 2396 da
503 2347 656 2420 operam,
688 2322 783 2419 quod
817 2324 933 2398 claris-

168 2457 221 2532 β,
239 2439 252 2533 ᾖ
293 2437 377 2511 sima
394 2437 489 2535 virgo
508 2440 598 2511 lsota
612 2439 790 2535 Nogarola
806 2438 850 2512 ad
870 2466 933 2515 nos

82 2552 205 2643 veniat,
224 2578 295 2650 quo
320 2570 356 2627 et
386 2553 550 2652 epistolas
576 2569 649 2627 tuas
667 2552 801 2628 delerat
817 2573 853 2628 et
870 2554 932 2629 de-

81 2667 197 2766 posito
218 2670 311 2742 luctu
329 2686 434 2765 atque
452 2671 612 2766 squalore
630 2669 739 2742 lructu
759 2670 977 2749 iocando-10

80 2783 176 2858 simae
201 2784 460 2858 consuetudinis
486 2802 612 2859 nostrae
638 2784 683 2858 uti
703 2784 821 2883 possit,
843 2786 931 2860 sicut

78 2899 278 2996 gravissimo
306 2899 545 2974 iurisconsulto
576 2900 756 2975 Montorio
792 2903 930 2976 Masca-

80 3016 154 3088 relo
172 3014 279 3088 ferme
298 3015 452 3113 pollicita
468 3034 521 3090 est
542 3033 579 3090 et
595 3040 676 3089 suus
690 3016 722 3088 in
741 3016 929 3092 universam

80 3129 238 3203 familiam
274 3148 422 3204 nostram
457 3156 553 3206 amor
587 3156 716 3229 cogere
750 3131 857 3205 debet
894 3152 930 3207 et

79 3245 289 3320 lacrimarum
307 3271 440 3321 suarum
455 3247 626 3322 medicina
634 3248 802 3347 exposcit.
814 3249 929 3348 Serio
945 3285 971 3337 ις

78 3359 120 3435 sit
154 3361 244 3435 enim
271 3361 352 3435 mihi
379 3387 418 3436 se
442 3363 599 3437 Venetiis
627 3363 708 3438 satis
738 3363 926 3462 quievisse3

79 3500 168 3551 nunc
194 3476 428 3552 tribulationes
454 3479 570 3554 cordis
588 3479 822 3578 multiplicatae
838 3500 927 3571 sunt,

78 3592 157 3689 quia
182 3591 283 3668 dolor
304 3593 379 3668 eius
396 3594 428 3667 in
447 3613 639 3694 conspectu
657 3620 721 3670 suo
737 3621 875 3694 semper
892 3613 928 3671 et

77 3706 260 3806 dereliquit
281 3733 358 3784 earn
387 3709 491 3784 virtus
515 3735 584 3785 sua.
616 3711 757 3786 Hortari
783 3728 927 3787 conatus

123 3876 169 3924 Nr.
181 3887 234 3924 212.
268 3875 492 3940 (tlssxcusatusc
526 3877 743 3941 (alrducatumc
777 3879 811 3943 (6)
827 3878 928 3931 Irrt'rtt'tr'o

77 3954 191 4008 mnrutta
206 3955 281 4008 omr'rt'.
315 3956 419 4008 thabell.
439 3957 470 4007 C.
503 3957 554 4022 (ιο)
570 3958 673 4008 iocund.
689 3958 719 4012 0
