2820 4680
546 583 597 666 ³85

148 751 254 810 Fertur
269 750 297 810 in
312 767 494 831 empyreum.
512 750 573 810 Vos
588 768 626 811 ne
640 761 742 811 curate
756 750 867 831 fugacis

148 847 240 908 Dona
254 845 324 907 boni
339 856 368 907 et
383 846 473 907 fastus
487 845 566 908 orbis
581 865 764 929 pompasque
778 847 893 909 caduci.

146 946 305 1006 Aeternum
322 955 443 1027 pensate
457 943 562 1006 decus!
578 944 736 1021 Ludovice,
754 946 826 1027 quid
840 947 919 1009 orbis
1016 965 1061 1016 530

147 1044 197 1117 Sit,
223 1043 294 1123 quid
309 1044 374 1117 vita,
392 1043 486 1117 vides3
501 1043 650 1118 meditare,
669 1044 740 1124 quid
755 1045 862 1128 inclyta
876 1056 1000 1128 possunt

149 1144 263 1221 Regna,
282 1140 353 1221 quid
368 1140 435 1201 elati
450 1159 629 1222 persumme
643 1141 748 1224 palatia
762 1160 855 1223 reges.

150 1237 266 1299 Nobilis
280 1256 313 1299 es
326 1239 443 1319 generis
458 1238 604 1320 probitate
618 1249 648 1299 et
663 1239 749 1301 laude
764 1240 893 1322 parentis

151 1338 190 1396 Et
203 1335 306 1397 virtute
320 1347 379 1410 tua,
398 1353 486 1416 quem
502 1335 629 1398 mundus
644 1337 780 1412 honoram
794 1348 823 1398 at
837 1337 932 1399 omnis

149 1433 280 1495 Corruet
293 1433 368 1494 altus
382 1433 484 1507 honos,
503 1432 622 1495 tandem
637 1432 775 1495 claudere
789 1433 955 1516 sepulchro,
1016 1451 1059 1507 535

148 1532 245 1611 Atque
264 1531 343 1591 domi
359 1530 487 1591 minimae
501 1531 551 1592 cni
563 1541 641 1591 tecta
655 1531 738 1593 inere
753 1530 861 1593 iacebis

152 1629 331 1688 Marmorea.
354 1630 433 1708 Ergo
447 1627 495 1688 dei
510 1627 589 1708 leges
604 1628 706 1689 metire
720 1629 840 1711 polique

148 1729 242 1787 Tecta
258 1735 349 1806 petas,
364 1744 432 1786 cum
456 1743 579 1806 magnus
592 1727 650 1787 eris
663 1726 846 1806 gemmisque
861 1726 996 1787 nitesoes.

152 1825 224 1886 Inde
239 1835 337 1884 autem
352 1823 454 1884 orabat
467 1835 591 1885 cunctos
606 1842 666 1884 uno
680 1842 733 1884 ore
748 1824 931 1906 propinquos

150 1924 299 2002 Quosque
310 1921 434 1994 videbat,
455 1933 486 1982 ut
500 1922 555 1983 hac
569 1922 750 2003 quicumque
764 1921 892 2002 ingente
902 1939 1001 1982 mane·
1018 1944 1062 1995 5⁴0

149 2023 309 2081 Aeternum
321 2032 432 2101 patrem
448 2031 547 2080 sancta
561 2038 628 2081 cum
639 2039 711 2080 voce
722 2031 888 2100 precentur,
904 2019 997 2100 [bunt

153 2122 255 2180 Pareat
277 2120 401 2180 Isottaeis
416 2118 576 2179 miseratrix
586 2136 657 2179 cura
671 2117 785 2179 diebus.

152 2218 285 2278 Discedo
310 2217 385 2288 hinc,
410 2216 512 2296 inquit,
532 2216 695 2295 fratresque
710 2227 866 2296 patresque
881 2214 1001 2276 revisam

149 2316 301 2395 Antiquos.
320 2314 404 2394 Quid
419 2313 490 2374 flere
504 2313 603 2375 iuvat?
620 2313 773 2394 Deponite
787 2313 883 2374 tristes

149 2412 193 2472 nh
218 2412 367 2492 lacrymas.
397 2414 467 2472 Non
492 2412 555 2493 ipsa
576 2411 655 2473 feror
670 2429 724 2492 per
736 2410 803 2484 tela,
822 2429 877 2492 per
890 2410 997 2485 hostes,
1019 2434 1059 2485 5⁴5

153 2512 219 2570 Nec
243 2509 340 2589 rapior
353 2509 407 2570 diri
424 2509 624 2590 phlegetontis
637 2509 675 2570 ad
690 2507 782 2570 ardua
795 2527 872 2570 saxa.

154 2608 240 2679 Haec,
255 2608 293 2667 ait
308 2606 354 2667 hic
371 2607 545 2681 Ludovicus‚
563 2618 627 2667 erat
640 2624 708 2686 spes
721 2604 825 2666 tradita
840 2604 924 2666 nobis

152 2705 202 2763 De
217 2716 254 2776 te,
273 2722 341 2763 cara
355 2722 446 2775 soror,
473 2703 511 2764 de
525 2714 564 2778 te,
583 2703 762 2765 sanctissima
775 2704 888 2764 mater?

152 2804 225 2882 Quo
237 2802 312 2882 iugis
324 2802 412 2863 hinc?
428 2803 502 2883 Quo
516 2812 545 2862 te
558 2802 621 2863 sine
637 2820 692 2874 me,
712 2819 777 2861 mea
788 2803 885 2876 lsotta,
899 2818 1003 2862 recon-

154 2903 220 2981 Ipsa
235 2900 424 2979 quaterdenis
438 2888 522 2961 audis
537 2900 586 2961 ubi
602 2899 691 2960 multa
705 2899 810 2960 diebus
926 2897 1003 2979 [disi
1020 2922 1064 2974 550

151 3000 233 3078 Quae
248 2997 331 3078 plura
344 3009 443 3058 orator
458 2998 605 3059 Francisci
620 3016 658 3058 ex
672 2996 776 3058 ordine
787 2996 844 3057 divi

153 3097 286 3168 Dixerat,
305 3096 372 3156 haec
385 3096 489 3156 recitas
504 3106 604 3156 nostro
619 3093 749 3155 mirabile
763 3092 861 3167 saecio,

150 3192 270 3273 Singula
284 3193 416 3254 ieiunans
429 3192 515 3252 etiam
530 3203 654 3272 totoque
668 3190 844 3271 relanguens

152 3291 254 3352 Corde
270 3301 361 3362 tenes,
380 3307 449 3370 quae
465 3301 563 3350 mente
578 3287 668 3349 semei
683 3297 798 3348 narrata
811 3286 909 3347 tulisti.

200 3476 264 3539 (529)
282 3483 362 3525 status
379 3476 409 3525 C.
444 3474 509 3539 (5⁴1)
526 3474 676 3523 Aetherium
688 3475 716 3533 V,
722 3473 784 3538 fort.
797 3474 863 3523 nde.
887 3471 1004 3536 (smee-

153 3556 215 3605 citas
236 3557 263 3604 V.
935 3590 939 3597 .

204 3675 265 3717 1⁸01ae
279 3675 388 3730 Nognrole
402 3674 477 3732 Opem
492 3674 517 3717 ΙΙ.
867 3669 893 3721 ²5
