2820 4680
702 617 758 678 334

303 767 422 842 Decio
443 785 479 842 et
497 767 568 841 filio
585 766 659 841 eius
677 767 866 866 Cocleque
880 767 1007 841 Oratio
1020 784 1058 842 et
1070 767 1160 842 duo-

301 884 365 957 bus
382 883 600 981 Scipionibus
619 899 766 980 utroque
782 882 946 957 Africano
963 898 999 957 et
1017 883 1159 957 Catone

301 988 390 1073 inter
402 999 533 1073 illorum
546 1014 668 1073 aetates
683 996 864 1071 interiecto
877 1000 1061 1089 locassent,
1076 1023 1156 1073 cum

300 1114 364 1213 ipsi
379 1139 446 1187 non
465 1113 573 1188 minus
588 1113 651 1187 illis
668 1138 747 1188 cum
761 1138 849 1211 opus
862 1131 955 1188 esset
969 1139 1032 1212 pro
1046 1116 1157 1189 salute

273 1276 283 1326 ς
300 1228 419 1328 patriae
437 1229 625 1327 periculum
636 1225 878 1326 suscepturum
885 1228 975 1303 haud
986 1229 1155 1327 ignorent.

301 1345 439 1446 Quibus
468 1370 512 1418 ex
543 1346 644 1420 rebus
674 1369 752 1419 cum
783 1370 827 1418 ex
859 1345 922 1418 ista
950 1345 1045 1442 regia
1071 1346 1157 1419 urbe

298 1459 529 1550 Venetiarum,
540 1485 620 1558 quae
633 1478 669 1535 et
685 1460 836 1535 omnium
851 1462 1015 1535 bonarum
1033 1461 1155 1535 artium

298 1575 601 1651 exercitationibus
631 1577 731 1651 floret
761 1592 796 1650 et
826 1592 969 1650 cunctas
998 1575 1156 1651 civitates

298 1690 447 1765 omniurn
483 1691 588 1789 eopia
620 1708 798 1790 exuperat,
836 1691 1003 1789 originem
1045 1689 1155 1766 ducas

256 1831 366 1892 ¹⁰nec
400 1807 548 1905 parentis
586 1805 727 1881 deficiat
760 1806 947 1904 diligentia,
983 1806 1033 1878 nil
1062 1831 1154 1905 opus

299 1922 393 1996 sacto
402 1923 509 1997 habes
526 1922 570 1997 ad
584 1948 653 1996 non
667 1922 879 1996 mediocrem
892 1922 1048 1996 virtutem
1067 1946 1155 1996 con-

298 2037 539 2134 templandam.
569 2039 682 2135 Perge
708 2038 815 2113 modo
840 2055 876 2111 et
901 2062 970 2137 qua
995 2053 1030 2111 te
1055 2035 1154 2113 ducit

297 2154 351 2228 via
364 2152 473 2251 dirige
486 2178 650 2250 gressum.
667 2156 789 2228 Macte
803 2179 891 2228 nova
904 2153 1037 2243 virtute,
1052 2178 1150 2251 puer,

297 2269 348 2343 sic
362 2269 426 2343 itur
442 2267 486 2343 ad
503 2271 610 2343 astral
631 2270 759 2343 Iacobe
776 2271 861 2344 vale.
882 2272 933 2343 Ex
949 2272 1098 2343 Verona

344 2488 378 2553 (ι)
405 2489 561 2552 codicteque
579 2490 609 2539 <2
644 2488 762 2553 (4)cum]
782 2490 842 2551 quin
860 2489 890 2538 0
924 2488 957 2552 (6)
975 2501 1032 2537 cum
1053 2501 1099 2536 om.
1118 2487 1149 2538 0

297 2568 331 2632 (9)
354 2570 478 2619 exuberat
503 2569 533 2619 C.
568 2568 617 2633 (ro)
640 2571 698 2631 nec]
723 2577 750 2619 et
767 2569 796 2618 C.
832 2569 881 2632 (ιι)
898 2568 974 2631 puer]
991 2568 1063 2618 nimis
1079 2569 1108 2618 G
