2820 4680
807 553 860 640 ¹38

403 729 497 855 dum,
523 730 687 829 dignitate
712 732 887 808 sublimior
907 751 966 808 aut
993 733 1103 832 gloria
1131 735 1254 809 clarior

403 863 462 922 aut
486 847 689 923 auctoritate
717 848 853 948 gravior
868 867 926 923 aut
943 849 1149 924 humanitate
1167 850 1254 948 poli·

404 962 479 1038 tior.
507 966 601 1038 luvat
625 982 733 1055 certe,
760 967 865 1040 Isotta
881 965 1077 1056 clarissima,
1096 982 1131 1039 et
1148 964 1254 1039 decet

402 1076 449 1153 de
475 1095 511 1154 te
533 1080 714 1178 magnifice
732 1081 837 1178 loqui,
865 1106 969 1178 quum
989 1105 1057 1154 non
1077 1080 1193 1155 iniuria
1210 1080 1255 1154 sis

377 1195 567 1275 §suavitate
585 1196 709 1295 ingenii
728 1195 786 1285 tui,
804 1195 987 1295 probitate,
1005 1195 1138 1287 virtute,
1157 1196 1254 1269 inno-

404 1312 519 1388 centia
545 1312 632 1387 inter
661 1312 805 1387 illustres
822 1313 876 1386 vel
895 1337 1005 1386 mares
1022 1313 1076 1386 vel
1095 1312 1255 1386 foeminas

404 1429 634 1528 aggreganda,
661 1454 765 1526 quum
795 1429 839 1503 sis
875 1454 942 1503 non
977 1428 1084 1503 modo
1118 1429 1254 1527 amplis·

403 1545 490 1620 simo
524 1545 642 1644 generi
675 1563 734 1619 tuo
760 1563 865 1643 atque
891 1544 1010 1644 patriae
1040 1544 1160 1635 decus,
1191 1544 1253 1619 sed

403 1661 505 1737 etiam
532 1663 635 1736 totius
660 1662 764 1736 ltaliae
781 1678 1016 1736 ornamentum
1034 1678 1139 1758 atque
1157 1661 1254 1735 huius

362 1802 391 1839 10
403 1776 512 1852 seculi
538 1776 713 1876 splendor,
740 1776 928 1876 praesertim
955 1775 1096 1876 quando
1113 1801 1157 1851 ea
1173 1801 1253 1873 quae

403 1893 450 1967 de
476 1911 510 1967 te
535 1893 650 1967 scribo
677 1892 723 1967 ita
747 1918 827 1968 vera
851 1910 939 1983 sunt,
968 1909 1003 1966 ut
1028 1891 1122 1966 orbis
1151 1908 1251 1965 terrae

404 2007 531 2082 iudicio
557 2009 775 2106 comprobari
803 2007 942 2106 possint.
972 2009 1047 2105 Ego
1072 2032 1155 2081 sane
1173 2007 1252 2104 quia

403 2140 439 2199 te
465 2124 565 2198 unice
591 2123 707 2223 diligo,
737 2148 816 2198 amo
845 2142 881 2198 et
910 2124 1070 2213 observo,
1089 2138 1251 2220 quantum

404 2240 529 2314 viribus
552 2239 645 2330 eniti,
663 2241 808 2314 consilio
827 2238 1020 2338 providere,
1038 2238 1253 2327 auctoritate,

363 2380 389 2434 ¹5
404 2355 431 2430 si
454 2381 523 2454 qua
539 2373 603 2446 est,
622 2381 763 2430 monere
782 2374 916 2453 potero,
935 2355 1024 2429 scito
1041 2357 1199 2453 posthac,
1219 2370 1254 2426 ut

404 2472 608 2548 satisfaciam
635 2490 671 2546 et
696 2471 807 2545 virtuti
829 2489 866 2545 et
881 2471 1012 2561 officio,
1030 2495 1168 2568 semper
1185 2487 1253 2544 tuae

405 2588 576 2687 dignitatis
601 2588 768 2662 fautorem
794 2604 898 2686 atque
927 2587 1085 2662 omnibus
1102 2586 1134 2659 in
1152 2587 1254 2660 rebus

405 2729 462 2778 me
488 2703 547 2778 tibi
573 2703 812 2779 amicissimum
839 2703 923 2777 sore.
949 2704 1039 2776 Nam
1058 2727 1162 2800 quum
1181 2726 1254 2776 rara

405 2819 448 2895 sit
460 2820 530 2895 avis
543 2820 576 2894 in
594 2820 701 2911 terris,
721 2837 756 2894 ut
773 2819 882 2918 inquit
899 2819 954 2893 ille
971 2821 1108 2918 Satyrus
1126 2835 1253 2907 noster,

362 2963 393 2999 20
406 2936 573 3035 nigroque
582 2935 748 3010 simillima
756 2960 880 3035 cygno,
895 2935 971 3033 quis
983 2952 1047 3025 est,
1057 2933 1104 3008 dii
1118 2935 1254 3008 immor-

405 3053 508 3127 talesl
522 3051 614 3127 adeo
628 3054 790 3127 barbarus
802 3076 845 3126 ac
863 3076 973 3125 rerum
992 3050 1177 3149 imperitus,
1195 3048 1253 3147 qui

405 3168 528 3243 lubens
552 3193 621 3242 non
646 3170 750 3258 colat,
777 3167 904 3259 laudet,
922 3166 1106 3241 admiretur
1136 3167 1254 3240 obstu-

406 3299 598 3382 pescatque
611 3283 781 3382 ingenium
799 3286 917 3358 tuum?
935 3281 1080 3384 Quippe
1099 3299 1135 3355 ut
1151 3282 1254 3379 paulo

405 3398 505 3474 altius
530 3417 695 3499 repetam,
720 3399 747 3474 si
773 3399 854 3497 quia
869 3422 1013 3496 operum
1031 3415 1136 3496 atque
1152 3396 1254 3471 artifi-

363 3542 389 3596 ις
406 3513 536 3589 ciorum
558 3514 650 3589 initia
675 3514 866 3589 Minervam
884 3511 1062 3588 tradidisse
1080 3511 1255 3587 memoriae
