2820 4680
696 543 756 615 450

299 706 455 805 peccavi,
466 705 620 780 fortassis
632 721 680 796 tu,
690 730 795 804 quum
813 703 860 779 sis
875 703 925 777 vir
933 704 1157 780 excellentis-

298 821 402 895 simus
418 845 621 921 summaque
636 819 802 919 gravitate
819 837 855 893 et
873 820 1039 918 religione
1066 846 1157 919 prae-

299 935 400 1026 ditus,
419 962 490 1035 quo
508 960 612 1011 nemo
629 960 707 1010 mea
724 935 893 1009 sententia
910 935 1031 1009 fortior
1046 951 1156 1035 atque

299 1050 499 1150 prudentior
517 1052 549 1125 in
567 1050 689 1126 dandis
706 1051 780 1125 aliis
797 1050 958 1140 consiliis,
973 1050 1157 1127 debuisses

272 1193 354 1247 rme
385 1193 486 1266 quam
518 1167 731 1241 severissime
750 1166 1091 1259 mordacissimeque,
1119 1184 1156 1240 ut

299 1283 345 1358 ita
362 1282 487 1371 dicam,
505 1282 686 1378 obiurgare
704 1298 809 1380 atque
819 1283 954 1355 stultam
972 1281 1154 1356 audaciam

299 1424 409 1472 meam
424 1422 603 1487 coercere,
614 1423 682 1469 non
693 1397 759 1470 labi
778 1413 910 1470 temere
927 1414 963 1469 et
981 1397 1156 1471 muliebri·

299 1532 351 1587 ter
380 1538 458 1587 cum
489 1539 558 1588 non
589 1512 680 1587 facili
715 1514 818 1610 culpa
842 1529 947 1611 atque
973 1511 1155 1588 dedecore

298 1627 424 1702 eodem
443 1630 587 1702 scelere.
607 1630 731 1701 Taceo
748 1626 844 1724 quod
858 1652 1101 1725 sepenumero
1117 1647 1155 1703 et

257 1769 416 1818 roeoram
441 1761 478 1817 et
504 1768 566 1842 per
591 1742 719 1817 litteras
744 1742 917 1816 affirmasti
952 1760 987 1816 te
1020 1744 1156 1843 aliquot

298 1876 377 1932 ante
396 1858 580 1946 mensibus,
598 1883 702 1956 quum
717 1860 782 1932 hac
802 1859 969 1932 Phesulas
982 1858 1046 1932 iter
1058 1859 1155 1932 lace·

299 1999 364 2065 res,
383 1990 610 2072 prospectans
628 1976 693 2048 hos
710 1973 859 2071 parietes
874 1991 981 2072 atque
1006 1973 1155 2049 domici-

299 2092 378 2163 lium
396 2090 461 2163 etsi
480 2115 595 2188 neque
622 2091 711 2164 sama
745 2114 860 2188 neque
886 2088 932 2163 de
959 2088 1048 2164 facie
1075 2114 1155 2164 mea

298 2222 379 2280 ante
397 2229 509 2295 noras,
532 2206 604 2279 lato
629 2221 743 2278 tamen
769 2204 922 2304 quodam
949 2221 983 2278 te
1009 2204 1154 2278 mirabili

257 2359 282 2409 ις
300 2320 366 2395 mei
384 2345 503 2395 amore
521 2322 725 2417 perculsum.
742 2322 875 2421 Quare,
889 2319 916 2394 si
932 2320 979 2393 ita
990 2338 1054 2409 est,
1068 2319 1155 2418 quid

299 2435 402 2526 aliud,
428 2461 492 2534 per
524 2434 613 2510 deos
641 2461 717 2526 oro,
752 2434 972 2510 iudicandum
998 2452 1062 2526 est,
1090 2435 1154 2509 nisi

299 2551 396 2652 quod
421 2576 490 2649 ego
516 2553 621 2625 lsotta
646 2552 707 2625 abs
733 2567 768 2624 te
794 2567 932 2625 strenue
950 2568 984 2624 et
1008 2550 1155 2649 impigre

299 2682 489 2766 provocata
504 2666 679 2742 ardentius
695 2691 809 2742 amare
822 2667 1018 2765 coeperim?
1040 2667 1074 2740 Si
1094 2692 1155 2741 au-

299 2800 369 2856 tem
388 2785 457 2856 hoc
474 2783 589 2856 abste
607 2781 691 2856 dolo
709 2783 800 2856 malo
816 2799 853 2856 et
871 2782 1005 2857 fallacia
1034 2806 1155 2857 ernen-

256 2938 286 2971 20
299 2897 419 2972 tiendo
432 2899 550 2971 lictum
559 2916 623 2987 est,
633 2896 729 2996 quod
739 2897 830 2971 haud
839 2897 885 2972 de
894 2915 930 2972 te
938 2897 1153 2973 credendum

299 3039 441 3104 censeo,
472 3031 520 3104 tu,
539 3013 584 3086 mi
602 3012 751 3101 Andrea,
778 3013 834 3088 cui
852 3013 1026 3102 severitas,
1054 3030 1090 3088 ut
1107 3013 1154 3087 de

299 3131 439 3204 Catone
457 3129 615 3203 Uticensi
634 3129 766 3227 legitur,
785 3129 984 3226 dignitatem
1007 3127 1153 3216 addidit,

300 3271 368 3320 non
386 3270 455 3342 ego
470 3244 723 3344 ipsa‘prolecto
735 3244 857 3320 mulier
869 3244 992 3334 mollis,
1006 3245 1153 3336 humilis,

346 3429 381 3493 (ι)
403 3442 483 3491 quom
506 3429 536 3478 (ἒ
585 3428 620 3493 ltl
644 3429 661 3478 f·
687 3429 770 3479 aaa
817 3427 851 3492 (tl
875 3428 961 3492 quau]
988 3441 1097 3490 quoque
1127 3430 1152 3478 S

298 3509 349 3572 (η)
366 3509 432 3569 mea]
449 3511 510 3557 me?
543 3508 592 3573 (18)
609 3507 745 3558 audentius
761 3507 792 3558 C.
