2820 4680
554 585 593 646 97

32 835 35 839 .
152 762 229 810 men
257 763 357 811 unum
377 738 409 810 in
427 737 552 812 cedula
568 757 771 836 conpertum
791 756 853 813 est.
887 740 1001 812 Orna-

152 853 288 944 tissima‚
318 853 514 952 gravissima
538 871 592 928 est
617 855 764 952 epistola
789 872 857 945 tua,
884 871 920 928 et
936 854 1002 928 sia

152 969 336 1044 clarissima
353 972 527 1044 Senevera
543 995 674 1059 sorore,
689 996 769 1067 quae
789 970 922 1068 nuptias
940 995 1001 1044 no-

151 1085 208 1173 vit,
235 1085 327 1160 edita
353 1085 482 1176 luisset,
508 1111 640 1160 summa
669 1110 747 1159 cum
774 1068 883 1183 gloria
912 1086 1003 1159 loret

151 1200 335 1276 efferenda.
355 1202 425 1276 Sed
443 1201 640 1300 dignissima
656 1218 692 1275 et
706 1200 1003 1299 morigeratissima
1035 1234 1045 1281 ς

151 1334 361 1408 ornamenta,
396 1343 476 1414 quae
512 1318 618 1415 ipsam
655 1318 829 1406 illustrant,
860 1316 1003 1391 sanctis·

151 1434 245 1507 simae
272 1451 339 1508 tuae
366 1434 444 1508 vitae
463 1434 660 1508 institutioni
681 1460 747 1507 non
766 1433 1000 1506 convenirent.

151 1548 185 1622 Si
213 1573 268 1621 ma
293 1548 423 1639 audies,
443 1549 556 1646 potius
582 1548 735 1623 tacendo
761 1548 821 1622 tibi
848 1565 884 1621 et
910 1547 1001 1637 mihi,

152 1664 210 1761 qui
237 1688 367 1737 summa
392 1688 469 1737 mea
494 1665 623 1762 pietate
650 1665 756 1738 timeo
774 1663 939 1761 quicquid
957 1663 1002 1737 de

154 1795 187 1851 te
214 1777 293 1874 fingi
319 1794 445 1875 potest,
480 1802 581 1874 quam
618 1779 802 1854 iudicando
828 1778 1002 1853 Anthonio
1020 1813 1049 1848 ιο

153 1896 325 1992 Cugnano
351 1894 458 1968 facies
487 1894 577 1968 satis.
611 1895 755 1971 Litteras
784 1913 898 1972 tamen
929 1912 1003 1970 tuas

153 2012 296 2084 intactas
321 2010 372 2083 his
398 2009 529 2108 alligavi
548 2010 727 2084 eteoclem
747 2011 911 2109 temporis
928 2036 1003 2086 mo·

152 2143 269 2199 mento
288 2125 410 2213 remisi,
426 2141 462 2198 ut
475 2124 586 2223 possis
599 2129 652 2199 vel
667 2143 727 2200 tuo
741 2126 850 2200 libero
863 2125 1003 2200 arbitrio

151 2245 204 2316 vel
224 2267 304 2315 meo
322 2241 414 2316 lideli
433 2241 580 2315 consilio
599 2241 656 2314 uti.
676 2244 771 2315 Vale.

199 2489 232 2552 (ς)
247 2503 365 2539 sororem
382 2489 413 2540 G
447 2488 497 2552 lta)
515 2488 561 2538 lilia
578 2488 608 2539 C
