2820 4680
869 555 925 633 ³96

467 739 561 795 terea
574 747 616 795 ac
633 722 791 797 omnibus
808 722 992 798 admodum
1011 726 1161 802 affabilis.
1190 733 1227 803 ln
1255 757 1325 829 qua

466 838 566 910 etiam
598 837 757 935 quaedam
789 838 1000 916 incredibilis
1029 842 1215 919 dexteritas
1241 870 1322 919 cum

464 952 622 1026 omnibus
640 954 777 1050 vigebat
795 979 837 1028 ac
856 981 987 1030 morum
1006 957 1182 1056 singularis
1200 961 1323 1036 levitas

466 1066 498 1137 in
516 1069 608 1140 omni
626 1087 735 1166 gestu.
756 1072 896 1143 Urbana
915 1071 1087 1169 imprimis,
1106 1100 1187 1171 quae
1204 1077 1324 1151 omnia

438 1207 539 1259 ream
583 1183 793 1281 permaxime
832 1188 1068 1261 honestabant.
1115 1192 1322 1266 Decorabat

464 1299 601 1398 insuper
614 1301 702 1374 illam
717 1300 875 1399 quaedam
892 1303 1048 1378 maiestas
1063 1305 1095 1377 in
1109 1309 1200 1381 vultu
1219 1309 1322 1384 mira·

464 1415 609 1514 bilisque
636 1435 807 1514 aspectus,
825 1417 966 1492 omnino
993 1417 1163 1496 dissimilis
1189 1424 1235 1497 ab
1254 1424 1320 1500 illis

463 1531 668 1622 mulieribus,
688 1558 767 1628 quae
779 1558 943 1607 summam
962 1536 1201 1632 paternitatem
1215 1540 1321 1636 plane

462 1644 708 1737 demonstrant,
743 1673 820 1721 cum
856 1650 1050 1741 salutantur,
1090 1650 1321 1750 dedignantur

420 1794 449 1829 ιο
462 1761 673 1860 quandoque
691 1763 776 1837 alios
789 1765 982 1837 resalutare.
1004 1767 1205 1841 Excellebat
1223 1767 1257 1840 in
1275 1794 1321 1843 ea

462 1877 549 1951 inter
574 1896 692 1952 cetera
717 1879 818 1952 etiam
837 1879 1014 1977 praecipua
1044 1883 1208 1956 bonarum
1226 1883 1320 1958 litte-

462 2019 569 2067 rarum
597 1993 788 2092 disciplina,
815 2021 836 2068 a
862 1994 1069 2071 doctissimis
1095 2016 1130 2072 et
1148 2001 1319 2096 eloquen-

462 2108 596 2182 tissimis
613 2108 691 2182 viris
704 2109 860 2207 apprime
874 2111 1014 2208 egregie
1032 2111 1192 2204 instituta,
1211 2140 1316 2213 quam

460 2225 507 2297 ob
526 2248 596 2296 rem
616 2223 648 2296 in
665 2225 759 2298 omni
776 2250 906 2321 genere
923 2224 1106 2300 litterarum
1133 2228 1316 2305 maximam

419 2338 506 2421 nde
535 2364 573 2413 se
603 2339 801 2437 opinionem
832 2340 924 2438 apud
954 2367 1075 2416 omnes
1104 2344 1313 2421 concitabat

459 2458 671 2552 Argumento
698 2472 774 2529 sunt
800 2454 959 2553 epistolae
977 2456 1051 2530 eius
1076 2459 1261 2534 luculentae
1279 2478 1316 2535 et

460 2594 537 2642 cum
557 2570 703 2644 maxima
720 2569 877 2644 doctrina
894 2570 1042 2668 scriptae.
1075 2573 1185 2649 Cuius
1201 2575 1314 2651 oratio

461 2702 529 2758 tum
561 2684 729 2774 modesta,
761 2703 830 2759 tum
861 2686 962 2759 etiam
996 2687 1177 2784 magnifica
1203 2695 1313 2766 tuerat

459 2800 659 2875 existimata
688 2804 818 2876 Gestus
844 2818 1013 2899 praeterea
1042 2820 1078 2876 et
1094 2829 1216 2878 omnes
1233 2830 1314 2880 cor·

416 2946 445 2980 20
457 2917 551 3013 poris
580 2917 630 2990 sui
661 2935 773 2991 motus
790 2942 972 3015 numquam
995 2919 1039 2991 ab
1062 2917 1113 2992 his
1130 2917 1312 2995 dissentire

456 3030 666 3105 videbantur.
688 3035 809 3106 Mores
827 3033 964 3130 insuper
981 3032 1165 3107 admodum
1180 3034 1310 3133 pudici,

455 3148 514 3245 qui
540 3174 617 3222 cum
636 3148 783 3247 quadam
801 3147 965 3246 gravitate
986 3148 1161 3222 coniuncti
1182 3167 1310 3243 essent,

456 3265 544 3337 illam
564 3290 632 3338 non
655 3290 772 3362 parum
790 3266 967 3338 ornabant.
984 3266 1212 3339 Elucescebat
1225 3266 1308 3340 item

502 3519 552 3583 (ις)
569 3520 724 3583 opynionem
741 3521 768 3568 Ε.
803 3519 852 3583 (²3)
870 3520 1025 3570 Elucesebat
1041 3522 1070 3569 Ε.
