2820 4680
584 609 640 678 ³59

185 766 376 846 Quamquam
392 764 441 826 illo
455 765 543 827 luerit
557 784 652 846 nuper
666 765 704 827 de
719 766 860 846 sanguine
874 766 955 847 virgo
1052 788 1097 835 170

185 863 303 944 Angela,
322 883 381 924 non
396 863 449 924 illis
462 863 560 924 animo
574 862 620 924 vel
633 863 762 924 carmine
776 863 883 945 dispar.

185 960 243 1021 Sed
259 960 372 1034 moriar,
392 961 415 1021 si
430 979 489 1020 non
503 959 597 1021 valeat
609 960 676 1040 quis
690 960 773 1041 plura
787 961 932 1023 canendo.

187 1057 329 1137 Experiar
344 1069 535 1138 nostrumque
549 1076 604 1119 suo
618 1076 684 1119 cum
700 1060 828 1119 carmine
851 1078 970 1120 carmen

185 1154 372 1235 Componam
387 1166 486 1235 teque,
505 1156 567 1236 ipse
581 1155 676 1229 velim,
694 1168 724 1216 te
739 1155 835 1217 iudice
849 1167 977 1217 cantent.

490 1349 726 1433 Curingomium:

223 1448 365 1520 vinceris,
385 1447 558 1510 mihicrede
574 1467 656 1529 puer,
674 1447 798 1509 vinceris
818 1460 849 1509 et
862 1449 955 1529 impar
1051 1473 1091 1524 175

184 1548 297 1626 Magna
311 1545 431 1626 quidem
447 1546 532 1607 nimis
543 1547 606 1627 ipse
619 1546 671 1606 tibi
685 1546 844 1607 certamina
858 1546 956 1607 sumis.

182 1645 265 1724 Quin
281 1645 377 1725 potius
391 1645 497 1705 victum
514 1644 594 1726 prius
607 1656 638 1705 et
650 1663 739 1724 quam
754 1643 855 1725 proelia
868 1655 994 1725 temptes

180 1744 227 1802 Te
243 1742 351 1802 fateare
365 1742 449 1803 velim
464 1753 556 1822 tuque
572 1742 623 1803 llas
638 1743 667 1802 in
682 1741 778 1803 sidera
792 1742 875 1803 tollas

183 1839 332 1901 Laudibus
354 1851 385 1901 et
399 1841 492 1901 maior
505 1841 547 1901 sic
560 1841 616 1901 erit
629 1839 680 1899 tibi
693 1838 785 1919 gloria
798 1858 887 1921 quam
901 1841 925 1901 si

178 1937 328 2000 Audacem
341 1938 489 2000 cantando
502 1938 572 1999 velis
586 1935 770 1998 committere
785 1954 923 2018 pugnam.
1050 1953 1095 2002 ruo

546 2130 672 2196 aaa·

209 2230 299 2289 Visne
307 2229 532 2292 ita?Sedvoveo
540 2249 620 2291 nunc
628 2229 880 2304 hocsibicarmen,
891 2227 1032 2291 inumbra

181 2328 263 2387 Dum
279 2327 362 2387 iaceo
375 2339 405 2387 et
418 2339 450 2388 tu
460 2328 540 2388 testis
551 2326 631 2388 ades.
650 2328 852 2408 Quicumque,
871 2325 987 2407 puella,

179 2423 240 2483 Vos
261 2423 357 2498 habet,
382 2443 409 2497 o,
428 2425 609 2504 quicumque
624 2424 715 2498 locus,
733 2424 893 2485 convertite
907 2434 1018 2484 vestros

181 2521 253 2581 Huc
267 2522 379 2583 animos
393 2524 400 2582 l
413 2522 492 2584 Sola
505 2522 653 2584 cantando
674 2524 776 2583 Panna
790 2523 911 2604 potestis

178 2619 314 2693 Vincere,
335 2619 466 2681 Naiades
479 2620 551 2681 solte
564 2620 735 2700 Satirosque
749 2637 899 2701 procaces,
1045 2637 1089 2699 185

179 2716 321 2795 Cumque
336 2735 421 2798 pares
435 2716 507 2778 soloe
521 2716 649 2778 toleratis
662 2716 797 2798 Apolline
813 2718 928 2777 Musas.

179 2813 334 2892 Quantum
346 2813 411 2875 olea
425 2826 469 2875 est
484 2815 554 2896 pinu
570 2814 724 2876 secundior
737 2826 767 2875 et
781 2807 897 2874 ramoso

182 2911 335 2973 Pulchrior
349 2923 393 2973 est
408 2930 520 2992 quercu
535 2914 622 2993 pinus
635 2912 681 2973 vel
694 2910 838 2973 arundine
852 2928 981 2991 quercus

180 3008 311 3085 Firmior,
329 3028 365 3071 ac
378 3010 465 3071 salice
480 3020 513 3071 ut
525 3020 571 3071 est
584 3010 691 3071 rectior
704 3009 798 3070 omnis
811 3007 935 3082 arundo,

176 3107 288 3168 Aulites
302 3118 414 3169 tantum
429 3107 510 3169 vobis
524 3126 582 3188 ego
595 3108 724 3168 carmine
738 3106 823 3168 cedo.
1044 3138 1089 3185 190

180 3204 268 3266 Plura
281 3205 344 3280 alia,
362 3224 430 3267 cum
442 3205 526 3287 plura
539 3204 620 3266 dabit
634 3203 703 3266 mihi
716 3204 816 3266 dicere
830 3215 956 3285 tempus.

223 3406 289 3471 (173)
315 3409 436 3470 Esperiar
460 3408 491 3458 G
524 3421 574 3458 con
595 3408 625 3458 (ὲ
659 3406 726 3472 (17⁴)
748 3420 824 3470 conp.
844 3406 874 3457 G
909 3408 977 3457 uelin
994 3406 1025 3457 G

177 3487 383 3550 (177lQuimC
425 3489 490 3552 (181)
507 3501 575 3538 none
596 3488 723 3538 voveoc
758 3488 824 3552 (183)
841 3489 875 3537 ho
895 3487 925 3537 C
960 3486 1026 3552 (186)

175 3569 297 3628 appoline
314 3568 344 3618 G
379 3567 445 3632 (188)
462 3568 523 3632 pinu
541 3568 572 3618 C.
605 3568 745 3617 arrundine
760 3567 790 3617 G
