2820 4680
855 537 911 615 368

410 734 442 781 70
457 706 550 767 Dives
563 705 587 765 is
601 707 667 765 est?
684 704 805 765 Nedum
820 722 938 786 semper
951 703 1101 765 cumulare
1116 704 1214 785 peculi

454 803 625 864 Tbesauros
638 812 728 883 optat,
746 802 868 863 vicinam
882 801 1029 863 excedere
1045 819 1191 882 pompam,

452 899 595 961 Tantalus
609 899 682 961 alter
696 899 790 980 inops,
812 900 933 961 Phintus
949 898 1120 960 miserabilis
1134 898 1208 960 alter
1224 917 1233 971 ;

454 997 513 1059 Sed
527 996 675 1059 cumulata
687 997 769 1057 timet
785 1015 823 1058 ne
837 1008 955 1058 corruat
969 997 1102 1076 undique
1117 1015 1243 1070 surnrna,

455 1096 561 1177 Qualis
574 1109 734 1176 congestus
748 1094 876 1176 lapidum
891 1094 1038 1156 decrescit
1051 1113 1173 1156 acervus

411 1224 438 1273 75
454 1194 513 1255 llut
525 1194 603 1254 venti
617 1204 668 1255 aut
682 1194 756 1255 ictus
770 1192 942 1254 bombardae
956 1192 1114 1272 aliquando
1129 1192 1256 1273 fragore.

458 1292 496 1351 Et
510 1289 581 1370 quid
596 1289 733 1351 mortales
744 1308 803 1350 non
818 1301 928 1369 cogunt
942 1306 1078 1369 quaerere
1093 1289 1198 1351 surdos

455 1387 582 1449 Ambitio
605 1399 695 1467 atque
708 1388 771 1449 auri
787 1386 903 1448 ferror?
917 1388 1008 1447 Vorat
1023 1387 1069 1448 ille
1085 1387 1272 1468 propinquos

459 1488 497 1547 Et
511 1485 620 1566 iugulat
633 1503 701 1546 curn
716 1484 819 1546 fraude
834 1484 937 1559 bonos,
956 1503 1012 1547 ceu
1027 1502 1122 1545 saevus
1135 1484 1209 1546 ovile

458 1586 528 1645 Fert
537 1583 623 1665 lupus
630 1584 658 1644 in
668 1583 812 1664 praedam;
823 1582 920 1664 pudor
926 1583 1021 1644 omnis
1029 1594 1059 1643 et
1067 1581 1162 1643 omnis
1172 1583 1317 1647 honestas

412 1683 553 1761 eantque
568 1680 642 1743 fides
655 1681 740 1762 fugin
754 1681 872 1743 subiere
887 1680 1044 1761 scelusque
1059 1680 1202 1760 nefasque

459 1778 575 1840 lnsidiae
589 1789 679 1859 atque
693 1778 765 1852 doli;
781 1778 850 1840 nulli
864 1797 918 1840 sua
931 1788 993 1840 tuta
1003 1777 1135 1859 supellex

460 1877 528 1937 Nec
550 1876 656 1938 donnus
679 1875 736 1938 ulla
758 1876 888 1956 quidem,
907 1876 1038 1956 quamvis
1052 1875 1107 1936 sub
1122 1893 1196 1957 rupe
1210 1888 1315 1939 cavata

457 1973 500 2035 Sit
514 1974 619 2034 montis
633 1992 789 2054 supremus
801 1992 887 2055 apex,
907 1974 974 2054 iuga
989 1974 1121 2055 proxima
1134 1974 1267 2054 Cyntho.

462 2072 539 2132 Nam
563 2088 632 2150 quae
648 2089 707 2131 non
722 2071 841 2133 fraudes
855 2071 993 2145 subdunt,
1013 2071 1088 2152 rapit
1101 2090 1189 2132 omne
1205 2071 1315 2134 luroris

414 2191 441 2252 Β(
462 2168 583 2231 Pondus
598 2169 753 2243 inexcussi,
771 2170 813 2231 vis
827 2169 923 2231 ferrea
939 2169 1039 2230 Marte
1053 2179 1177 2231 cruento

459 2269 541 2348 Quae
554 2267 691 2328 comitata
705 2266 801 2329 fremit
814 2267 915 2329 doruat
929 2266 1092 2329 indiscussa
1105 2266 1233 2328 virorum

458 2363 578 2444 Singula
592 2375 622 2424 et
635 2363 751 2426 immitis
765 2365 890 2446 pretium
906 2364 983 2426 vehit
996 2365 1113 2445 agmine
1127 2362 1185 2425 teli.

463 2462 1061 2544 HincLaphythaequetruceslunestaque
1070 2461 1311 2543 praeliasurgunt,

463 2560 607 2621 Machina
620 2558 737 2621 muralis
746 2560 925 2621 transcendit
938 2570 1017 2620 vasta
1030 2577 1174 2621 recessus.

305 2658 309 2669 '
416 2694 448 2740 90
462 2661 584 2737 lantque
599 2658 697 2718 necin
711 2657 829 2718 fratrem
844 2656 933 2718 irater
944 2657 1011 2718 velit
1024 2675 1091 2718 esse
1105 2656 1199 2718 fidelis

464 2758 635 2835 Necgener
656 2755 685 2815 in
699 2772 844 2828 socerum,
863 2765 975 2836 patrem
990 2772 1112 2834 quoque
1127 2754 1200 2816 lilius
1214 2767 1312 2835 urgea

464 2854 572 2915 Nullus
585 2854 745 2914 arnioorurn
762 2852 882 2934 Pyladae
896 2871 949 2915 seu
964 2853 1059 2932 qualis
1073 2854 1207 2928 Orestes,

461 2952 521 3014 Seu
534 2971 604 3013 caro
617 2950 760 3012 Aeacides
775 2951 911 3012 Patroclo
924 2960 969 3012 est
982 2951 1078 3012 dictus
1092 2951 1120 3011 in
1135 2950 1198 3012 illis

460 3052 498 3112 Ar
512 3050 615 3111 mulier
628 3067 697 3129 quae
712 3067 771 3109 non
785 3049 865 3110 vanis
878 3059 923 3110 est
936 3048 1035 3111 dedita
1048 3048 1163 3110 saeclis?

417 3182 445 3231 95
462 3147 522 3211 Cui
533 3166 592 3208 non
602 3166 711 3229 pompa
721 3146 834 3228 placet?
845 3147 947 3227 Quarn
959 3165 1018 3207 non
1029 3145 1156 3207 delectat
1166 3146 1315 3208 honorurn

462 3246 566 3309 Gloria
579 3244 738 3307 falsorum?
753 3245 833 3325 Quis
847 3246 942 3306 honor
956 3263 1022 3305 nam
1036 3243 1142 3306 dicitur
1154 3261 1221 3305 esse

508 3433 558 3497 (72)
575 3433 708 3482 Phineus?
740 3431 790 3496 (76)
809 3431 922 3482 mortalis
943 3432 971 3480 V.
1013 3429 1109 3481 crudos
1127 3431 1155 3479 V.
1188 3428 1239 3494 (79)
1264 3431 1313 3482 Fe-

463 3515 497 3567 cit
517 3516 545 3562 V.
580 3512 629 3579 (88)
647 3513 833 3579 Lapithaeque?
