2820 4680
824 550 863 611 70

419 706 560 783 credidi.
593 707 777 781 Confiteor
794 732 849 781 me
871 709 1013 804 lapsum,
1031 723 1149 781 extant
1167 708 1270 781 multa

418 848 496 897 mea
521 823 553 896 in
576 822 666 896 illum
685 822 814 912 merita,
833 821 951 896 sallere
968 821 1181 912 credentem,
1201 847 1268 895 non

419 954 472 1012 est
501 962 671 1036 operosus
696 937 842 1012 amicum
866 938 928 1011 iste
947 940 1052 1011 labor.
1083 939 1145 1009 Me
1164 938 1270 1034 magis

418 1053 562 1152 erigere,
589 1054 715 1127 hortari
749 1078 813 1152 pro
840 1069 897 1127 tua
930 1052 1058 1151 pietate
1088 1051 1270 1143 debueras,

393 1193 520 1267 squam
538 1169 753 1267 praecipitem
772 1169 947 1267 impellere
965 1184 1026 1242 et.
1047 1225 1055 1240 .
1076 1227 1083 1240 .
1104 1226 1111 1240 .
1140 1167 1270 1241 alllicto

418 1284 559 1360 addere.
581 1283 693 1358 Erravi
712 1284 837 1382 potius,
857 1309 958 1380 quam
977 1282 1115 1381 deliqui.
1150 1287 1270 1384 Quare

417 1400 537 1499 gemis,
572 1424 680 1499 quare
715 1400 919 1489 lamentaris,
954 1424 1060 1497 quare
1095 1400 1268 1496 frangeris,

418 1540 524 1615 quare
541 1515 738 1605 debilitaris,
753 1538 859 1612 quare
877 1515 947 1613 pati
965 1540 1033 1589 non
1050 1519 1174 1613 potes?
1194 1518 1269 1588 De

418 1631 563 1706 terruisti
577 1631 759 1706 verborum
773 1630 954 1704 severitate
972 1646 1008 1703 et
1025 1631 1191 1704 rationum
1210 1657 1270 1704 un·

376 1777 405 1813 ιο
418 1746 524 1846 dique
558 1748 781 1820 collectarum
826 1745 1057 1835 multitudine,
1100 1748 1269 1820 accusasti

416 1862 550 1961 gravius
575 1886 678 1960 quam
697 1885 945 1949 consueveras,
977 1861 1091 1959 itaque
1110 1861 1269 1936 iudicium

418 1993 510 2052 tuum
528 1977 653 2051 veritus
672 2001 727 2050 me
744 1978 870 2077 collegi
900 1993 937 2051 et
962 2002 1042 2076 quae
1067 1978 1270 2077 scripseram

419 2093 583 2167 memoria
596 2108 757 2191 repetens
771 2109 828 2166 tua
845 2093 1067 2191 reprensione
1085 2092 1188 2191 digna
1201 2118 1269 2166 non

417 2207 583 2306 comperi.
604 2209 749 2296 lntuere,
773 2207 800 2281 si
827 2208 954 2305 placet,
981 2207 1108 2282 litteras
1139 2225 1270 2282 nostras

376 2354 400 2403 ις
418 2324 544 2421 saepius
561 2338 596 2395 et
614 2321 825 2420 diligentius3
857 2324 927 2396 hoc
945 2322 1034 2397 idem
1049 2324 1193 2398 arbitror
1211 2325 1269 2399 tibi

417 2437 576 2513 accidet:
597 2454 631 2511 te
649 2437 856 2528 continebis,
875 2437 1029 2512 laudabis
1046 2440 1146 2513 animi
1166 2442 1270 2514 nostri

417 2553 666 2641 liberalitatem,
702 2553 760 2651 qui
794 2552 924 2651 optime
959 2553 1118 2630 amicitiae
1151 2556 1271 2630 officio

418 2668 554 2744 sunctus
580 2693 665 2758 sum,
693 2666 771 2740 nihil
799 2667 832 2741 in
858 2685 974 2743 mente
1000 2670 1120 2743 retinui
1137 2670 1271 2767 quoda

417 2784 513 2859 labiis
538 2784 689 2859 distaret.
717 2784 752 2857 Si
777 2800 874 2857 recte
893 2784 1009 2874 lacies,
1040 2785 1067 2858 si
1085 2786 1271 2859 sententias

375 2930 405 2965 ιο
418 2917 550 2974 nostras
558 2899 777 2990 auscultabis,
788 2899 884 2974 istam
894 2900 1090 2974 exturbabis
1099 2925 1143 2974 ex
1156 2901 1270 2976 animo

417 3014 665 3111 aegritudinem.
694 3018 831 3089 Summa
855 3033 891 3089 et
916 3015 1098 3090 verborum
1119 3018 1268 3091 omnium

417 3130 596 3205 conclusio
614 3130 676 3203 suit
692 3147 728 3204 te
745 3147 873 3205 tantum
891 3154 912 3205 a
929 3155 984 3204 me
1013 3132 1082 3205 coli
1107 3151 1270 3230 quantum

417 3244 573 3319 virtutem
592 3248 768 3320 mortalem
786 3247 830 3319 ab
849 3246 987 3320 homine
1001 3248 1141 3322 mortali.
1159 3251 1271 3323 Multa

465 3499 602 3565 (alueo
636 3501 810 3566 (noeane
851 3503 1026 3567 (ngenusc
1067 3502 1267 3566 (roncone.
