2820 4680
859 579 912 639 162

455 773 476 819 a
503 749 581 820 love
609 748 716 845 petiit,
746 767 780 822 ut
806 774 883 821 eum
911 749 1011 821 etiam
1040 749 1155 846 aliquo
1174 752 1305 822 honore

453 880 682 935 veneraretur.
704 864 948 960 Omnibusque
966 865 1178 961 consumptis
1197 867 1305 937 hono-

454 977 545 1050 ribus
562 977 618 1051 diu
639 979 764 1077 lupiter
781 978 954 1052 dubitavit.
976 978 1132 1053 Tandem
1151 1006 1228 1053 eurn
1249 982 1305 1054 illo

453 1094 512 1189 qui
540 1094 680 1168 mortuis
702 1095 891 1168 attribuitur
918 1097 1048 1168 bonore
1075 1095 1200 1184 affecit,
1220 1113 1255 1168 ut
1272 1098 1303 1169 ei

426 1237 436 1288 ς
453 1209 586 1282 scilicet
600 1208 721 1283 dolore
739 1226 844 1308 atque
865 1211 1010 1284 lacrimis
1028 1211 1184 1284 homines
1199 1212 1304 1292 sacri-

454 1325 614 1411 licarent;
646 1343 859 1425 quapropter
889 1344 923 1399 ut
958 1327 1077 1423 reliqui
1116 1327 1162 1400 dii
1192 1353 1255 1400 eos
1284 1353 1304 1400 a

452 1440 577 1538 quibus
601 1444 760 1515 coluntur
785 1460 898 1515 amant
924 1460 1029 1539 atque
1056 1443 1192 1540 propitii
1215 1461 1302 1532 sunt,

451 1554 502 1628 sic
520 1557 631 1629 luctus
648 1581 710 1630 eos
728 1556 785 1653 qui
804 1557 866 1630 sibi
885 1581 983 1630 sacra
1000 1557 1112 1630 lerunt
1129 1559 1302 1632 accedere

451 1688 556 1767 atque
566 1696 718 1770 praesens
727 1696 805 1745 esse
814 1673 1004 1745 consuevit.
1016 1673 1050 1745 Si
1061 1698 1156 1769 ergo,
1173 1675 1301 1757 mulier,

408 1818 437 1853 ιο
452 1786 549 1860 nullis
575 1787 761 1861 honoribus
786 1813 864 1860 eum
891 1787 1033 1873 afficies,
1054 1812 1222 1884 nunquam
1243 1790 1300 1861 tibi

450 1900 578 1986 aderit;
605 1902 632 1975 si
659 1927 743 1976 vero
771 1928 902 1977 summa
932 1903 1116 2000 diligentia,
1149 1929 1300 1978 moerore

450 2017 666 2115 lacrimisque
696 2044 775 2092 eum
806 2019 1001 2103 honorabis,
1033 2037 1067 2092 te
1097 2019 1234 2103 amabit,
1266 2038 1300 2094 te

448 2135 712 2230 complectetur,
729 2160 898 2232 nunquam
914 2152 949 2209 te
963 2134 1191 2232 derelinquet,
1210 2160 1299 2210 sem-

449 2272 512 2345 per
546 2249 604 2322 tibi
639 2251 766 2347 aliquid
802 2251 982 2349 praebebit,
1018 2277 1090 2349 quo
1124 2253 1300 2350 perpetuis

405 2390 431 2441 ¹5
450 2365 636 2439 honoribus
661 2391 739 2439 eum
766 2368 994 2441 veneraberis.
1015 2371 1109 2468 Quae
1127 2394 1205 2441 curn
1225 2370 1322 2467 phi--

448 2482 614 2578 losoplrus
643 2481 794 2564 dixisset,
825 2508 962 2556 omnem
994 2483 1084 2556 illurn
1113 2510 1298 2559 moerorem

447 2596 596 2693 reginam
629 2598 831 2695 deposuisse
858 2599 980 2685 lerunt,
1006 2601 1101 2697 quod
1132 2601 1247 2675 itidem
1279 2627 1299 2674 a

448 2713 669 2810 magnanimis
693 2714 770 2788 viris
794 2714 987 2788 laciendum
1007 2716 1182 2805 intellexit,
1203 2744 1246 2791 ne
1266 2719 1296 2790 in

447 2830 538 2901 luctu
557 2847 593 2902 et
611 2829 757 2904 lacrimis
774 2830 885 2903 miseri
904 2831 1004 2904 vitam
1023 2832 1161 2921 ducant,
1180 2857 1258 2905 curn
1277 2859 1298 2906 a

399 2974 429 3011 ιο
446 2944 701 3041 sapientissimis
735 2945 950 3043 philosophis
992 2965 1027 3019 et
1077 2948 1296 3021 sanctissimis

446 3059 524 3133 viris
550 3060 606 3134 ille
629 3061 765 3134 minime
783 3062 991 3160 vituperetur
1009 3064 1066 3160 qui
1086 3064 1213 3151 doleat,
1232 3065 1295 3138 sed

445 3174 503 3272 qui
522 3174 660 3249 modum
680 3177 712 3249 in
731 3176 886 3252 dolendo
903 3178 1061 3252 excedat.
1090 3216 1092 3220 ·

495 3292 570 3388 Ego
595 3316 689 3382 vero,
715 3317 796 3390 quae
822 3310 857 3368 te
877 3295 923 3368 ab
941 3294 1079 3369 ineunte
1095 3312 1200 3370 aetate
1219 3320 1296 3369 mea

490 3550 524 3615 (ι)
539 3554 655 3615 petiisset
672 3555 702 3605 C
