2820 4680
663 621 697 689 ²5

255 776 394 852 Latinos
410 774 632 873 omniumque
647 775 799 873 gentium
818 778 1004 874 praeclaros
1020 799 1103 851 auc-

232 916 235 921 ·
254 909 358 982 tores,
372 891 431 990 qui
444 890 639 989 virginitatis
657 890 890 989 praedicavere
906 916 949 967 ac
966 892 1103 968 summis

255 1006 411 1082 laudibus
436 1009 591 1081 extulere
617 1006 793 1082 decorem.
816 1009 938 1082 Habes
957 1008 1103 1083 Mariam

254 1141 291 1197 et
308 1138 449 1198 matrem
471 1139 508 1196 et
523 1122 686 1221 virginem
705 1122 802 1197 huius
818 1122 897 1199 vite
915 1123 1104 1221 praeclaris-

253 1240 374 1314 simum
400 1240 590 1337 speculum,
617 1263 688 1336 quo
713 1238 793 1313 nihil
812 1238 1004 1331 mirabilius,
1022 1239 1103 1313 nihil
1135 1270 1145 1321 ς

254 1354 446 1453 gloriosius,
465 1354 547 1427 nihil
564 1353 708 1429 divinius
725 1353 770 1429 ad
788 1353 996 1429 intuendum.
1029 1356 1104 1429 lmi-

255 1489 369 1545 tentur
393 1469 561 1569 coniuges
585 1472 702 1545 Soram
724 1487 761 1543 et
781 1471 911 1543 Hester
927 1472 1103 1568 pulchram

255 1604 360 1685 atque
377 1586 580 1659 Helisabeth
595 1585 753 1660 Iohannis
767 1601 919 1659 matrem.
942 1586 1106 1659 Habeant

256 1700 368 1776 viduae
394 1700 504 1775 ludith
529 1704 733 1798 Annamque
749 1699 1007 1791 sanctissimam,
1025 1724 1105 1798 quae

257 1816 347 1889 miris
373 1814 556 1914 praeconiis
582 1814 614 1889 in
636 1814 756 1889 divinis
773 1814 892 1888 litteris
909 1814 1103 1888 efferuntur.
1121 1848 1151 1885 ιο

256 1931 337 2005 Tibi
346 1956 430 2006 vero
440 1930 564 2005 Mariae
574 1930 743 2028 virginitas
755 1929 801 2004 ad
814 1932 991 2028 exemplar
1002 1930 1105 2004 totius

256 2046 493 2121 sanctimoniae
518 2064 740 2144 proponatur,
767 2071 847 2143 quae
868 2045 972 2120 deum
1007 2046 1105 2120 traxit

257 2161 302 2237 ad
327 2180 443 2237 terras.
472 2165 548 2260 lpsa
573 2161 663 2235 enim
692 2160 871 2251 humilitas,
899 2161 972 2258 ipse
997 2185 1104 2251 amor,

259 2278 332 2373 ipsa
366 2276 535 2351 modestia
570 2300 735 2374 nusquam
766 2276 831 2349 tuis
863 2274 1021 2351 discedat
1060 2278 1106 2350 ab

257 2392 377 2467 oculis.
408 2390 603 2487 Prospicies
625 2415 729 2488 porro
747 2390 779 2464 in
797 2415 841 2465 ea
857 2391 952 2489 quod
971 2391 1056 2488 legis
1073 2391 1105 2464 in
1123 2426 1149 2475 ις

259 2507 410 2580 Cantico
423 2506 667 2581 Canticorum:
687 2507 834 2581 Pulchra
851 2531 890 2581 es
906 2506 1017 2581 amica
1031 2530 1107 2580 mea

258 2642 295 2696 et
308 2624 440 2696 macula
453 2646 521 2696 non
535 2638 589 2695 est
602 2620 634 2694 in
649 2638 693 2694 te.
710 2620 808 2723 Quid
825 2622 915 2695 enim
934 2620 1106 2719 integrius,

259 2736 504 2812 immaculatius
528 2735 585 2811 dei
612 2754 718 2811 matre
745 2736 868 2825 Maria,
891 2761 971 2834 quae
1005 2737 1108 2809 totius

258 2851 445 2926 sanctitatis
465 2867 641 2926 auctorem
661 2867 759 2925 utero
776 2876 840 2925 suo
857 2850 952 2948 quasi
970 2851 1107 2926 coelesti

260 2969 408 3039 thalamo
434 2966 504 3040 deo
526 2966 602 3063 ipso
619 2982 833 3063 cooperante
859 2965 1029 3062 portavit?
1060 2968 1108 3040 Ea
1123 3002 1154 3038 ιο

261 3082 361 3179 igitur
393 3082 522 3156 virtutis
556 3082 665 3156 sorma
694 3098 848 3156 versetur
877 3098 957 3155 ante
986 3083 1108 3156 oculos

260 3216 347 3271 tuos.
377 3199 506 3295 Neque
532 3198 622 3270 enim
648 3222 732 3295 eges
750 3200 928 3271 multarum
946 3197 1108 3295 virginum

259 3312 406 3386 obiectis
423 3312 601 3409 exemplis,
621 3329 656 3385 ut
674 3312 705 3384 in
720 3330 755 3386 te
768 3312 939 3409 exprimas
953 3312 1109 3409 perfecte

306 3499 340 3559 (a)
359 3497 433 3545 tumis
451 3496 480 3545 C.
522 3497 687 3557 (relimacul.
706 3498 736 3546 C.
778 3498 977 3559 (rolauctorum
992 3497 1021 3545 C.
1059 3496 1109 3557 (η)

260 3576 403 3637 perlectae?
