2820 4680
548 577 599 637 37¹

130 727 317 809 Corporibus
331 744 401 807 quae
416 726 477 788 sola
491 727 603 788 animos
618 728 770 789 coniunxit
784 727 937 790 habendos

132 828 198 887 lure
214 824 342 897 maritali,
361 844 431 886 caro
445 825 480 885 sit
494 825 563 904 quia
577 824 692 885 subdita
707 826 806 899 menti,

132 926 237 985 Pareat
252 922 330 984 orbis
344 941 420 1004 opus
434 921 502 982 coeli
518 921 644 983 melioris
658 924 759 984 amori.

132 1021 193 1081 Hic
206 1040 289 1081 amor
302 1031 347 1081 est
361 1038 455 1093 verus
473 1019 545 1080 dixit
559 1020 622 1080 sine
637 1019 704 1093 tine,
724 1020 851 1095 maritus,

129 1119 231 1198 Quem
244 1117 312 1178 mihi
326 1119 415 1178 lsotta
425 1116 518 1189 velim,
538 1117 588 1196 qui
604 1129 758 1198 postquam
774 1130 868 1180 morte
883 1119 990 1181 relatus
1006 1137 1047 1189 ist

128 1215 171 1275 Sit
193 1233 283 1295 super
304 1225 389 1288 astra,
417 1233 511 1274 meam
527 1224 641 1295 repetat
655 1232 744 1295 prece
758 1233 839 1297 saepe
854 1216 985 1297 figuram,

130 1313 241 1373 Donec
251 1330 364 1372 summa
378 1311 441 1372 dies
455 1311 561 1372 referat
575 1310 630 1372 sub
645 1311 740 1372 iudice
755 1331 870 1374 summo

129 1408 274 1489 Coniugis
288 1409 417 1470 officium
431 1427 532 1470 secum
547 1427 727 1490 componere
742 1409 830 1471 coelo.

131 1506 201 1566 Hoc
212 1505 265 1566 luit
276 1523 348 1585 ergo
358 1505 438 1586 prius
452 1517 551 1567 votum
568 1505 697 1567 mirabile
712 1508 783 1568 casti

128 1603 282 1684 Corporis,
306 1614 338 1663 ut
351 1604 481 1664 coniunx
494 1604 608 1665 animus
622 1622 693 1665 suus
707 1616 784 1665 esset
798 1616 829 1666 et
843 1605 889 1667 ille
1006 1617 1052 1664 160

128 1700 222 1774 Solus,
241 1701 268 1761 ei
282 1718 391 1782 corpus
405 1701 525 1762 serviret
539 1711 569 1762 et
582 1702 677 1762 omnis
692 1703 830 1764 honestas

131 1800 278 1871 Parceret
298 1799 376 1859 haud
391 1798 436 1858 alii
452 1809 581 1860 statuens
596 1817 700 1879 parere
712 1800 824 1861 marito.

132 1898 169 1956 Et
190 1915 359 1976 quanquam
374 1897 416 1957 vir
430 1915 553 1976 magnus
566 1908 628 1957 erat
644 1908 726 1977 pater
747 1898 809 1978 ipse
830 1897 984 1978 tribusque

130 1994 279 2055 Fratribus
294 2014 352 2055 una
366 2013 450 2055 soror
464 1994 582 2074 reliquls
596 1994 729 2056 dilectior
743 1996 813 2076 ipsa,

131 2093 199 2152 Nec
224 2093 354 2153 meminit
375 2104 472 2153 tamen
488 2112 547 2153 una
562 2093 650 2174 patris
665 2111 720 2154 nec
736 2095 826 2154 lsotta
840 2096 946 2156 moveri
1005 2116 1046 2156 ror

131 2191 277 2250 Fraternis
304 2190 398 2270 potuit
420 2189 566 2270 precibus,
595 2190 673 2251 velut
687 2191 798 2251 innuba
814 2192 944 2273 Daphne

131 2287 258 2347 Radices
277 2286 380 2347 tellure
395 2299 509 2349 tenens.
530 2288 601 2348 Non
617 2307 693 2348 unus
706 2300 819 2350 amator

129 2385 222 2445 Dives
236 2403 325 2465 opum
339 2384 475 2465 belloque
491 2385 573 2446 ferox
587 2386 626 2447 de
640 2387 783 2466 sanguine
799 2388 895 2468 prisoo

128 2480 362 2560 Circunquaque
377 2482 449 2562 petit
464 2482 580 2543 minima
594 2501 661 2543 curn
675 2482 746 2544 dote
761 2483 887 2564 puellam

128 2577 291 2639 Connubio
303 2578 391 2658 iungi,
407 2590 487 2639 tanta
500 2590 544 2640 est
557 2580 667 2640 virtutis
679 2580 775 2660 imago
1004 2603 1049 2651 170

126 2676 223 2754 Atque
234 2675 326 2736 decus
341 2676 444 2736 lormae
457 2677 641 2757 gravitasque
651 2677 816 2757 modusque
831 2678 983 2759 loquendi.

126 2771 185 2833 Sed
202 2791 257 2832 nec
271 2791 339 2833 eum
353 2773 442 2835 voluit
458 2792 513 2834 nec
526 2793 594 2834 eum
609 2792 699 2853 quem
714 2782 850 2836 cernerer
863 2776 919 2836 alta

130 2869 289 2930 Nobilitate
303 2882 407 2943 satum,
425 2872 520 2932 virtuti
534 2873 681 2952 armisque
695 2872 832 2946 dicatum,

129 2970 242 3029 Paceve
256 2980 437 3043 contentum,
455 2970 585 3049 quamvis
599 2971 635 3030 sit
649 2969 797 3051 pulchrior
810 2971 875 3051 ipso

130 3066 301 3149 Hippolyto,
320 3068 403 3127 cuius
418 3067 547 3128 decrevit
560 3067 661 3129 tollere
676 3086 782 3129 mores.
1003 3088 1044 3139 175

128 3164 283 3244 Quodque
299 3165 388 3245 magis
403 3177 545 3246 stupeam,
565 3166 668 3227 mediis
682 3167 711 3226 in
726 3164 836 3228 lusibus
850 3168 929 3229 orbis

129 3262 313 3342 Deliciisque
328 3281 450 3324 manens
464 3262 590 3324 melioris
604 3264 725 3344 praemia
737 3263 803 3325 vitre

175 3527 241 3592 (168)
259 3543 327 3592 opus
344 3529 373 3578 C.
408 3527 589 3593 (175)collere
608 3531 636 3578 V.
671 3528 736 3595 (17⁶)
752 3530 865 3593 Quodve
883 3532 911 3579 V.

828 3640 872 3699 ²⁴'
