2820 4680
537 867 624 939 LIX.

455 1121 565 1183 (Brixia,
582 1136 605 1171 a.
628 1124 706 1186 1453.)

152 1323 229 1374 Dolet
244 1325 338 1374 mortem
357 1323 458 1374 Παίων·
472 1324 561 1381 iudici,
579 1324 679 1374 consulit
693 1339 710 1375 a
726 1324 820 1375 medias
829 1323 1002 1379 abstinendum,

369 1418 469 1468 quorum
485 1404 550 1461 aiau,
568 1405 662 1456 vidales
677 1403 788 1455 declarat.

219 1591 402 1666 Ludouicus
418 1594 620 1666 Fuscarenus
637 1593 735 1665 Isoloe
751 1589 941 1689 Nagarolae.
1037 1630 1046 1680 ς

177 1924 179 1926 -
196 1857 296 2117 354
333 1898 485 1949 υΡιεΝτι
514 1874 594 1947 mihi
621 1874 919 1949 vehementissime
944 1874 1005 1949 ali·

178 1884 233 2148 l

207 2033 224 2090 J

179 2144 185 2169 ·
227 2096 314 2169 2²⁴>
357 2105 610 2180 vexationesex
624 2106 765 2180 naturali
779 2130 890 2180 rerum
905 2106 1005 2181 vicis·

152 2221 299 2296 situdine
332 2220 462 2311 audire,
488 2237 757 2319 supervenerunt
790 2221 911 2297 litterae
938 2239 1006 2297 luae

153 2335 283 2410 doloris
292 2353 328 2411 et
341 2335 506 2435 angustiae
519 2339 645 2433 plenae,
659 2335 784 2433 quibus
793 2336 921 2411 certior
933 2336 1006 2412 sac·
1022 2370 1052 2406 ιο

153 2469 208 2527 tus
236 2478 309 2527 sum
332 2455 525 2551 Trayanum
549 2468 712 2543 nostrum,
729 2452 835 2527 virum
861 2454 1006 2528 clarissi-

154 2593 258 2658 mum,
288 2567 363 2642 dies
393 2566 528 2642 ultimos
558 2568 720 2642 clausisse
749 2585 847 2642 elle
873 2568 905 2641 in
931 2569 1006 2643 eius

153 2682 357 2782 aegritudine
374 2682 509 2758 assidue
536 2683 717 2758 sollicitam
744 2683 856 2758 luisse.
886 2685 923 2758 O
950 2709 1006 2759 res

152 2798 239 2873 duas
254 2797 519 2889 molestissimas,
533 2815 569 2873 et
582 2798 729 2872 amicum
745 2798 825 2872 mihi
835 2815 871 2872 et
885 2800 1005 2875 Ysotae

154 2912 327 2988 medicum
345 2913 494 3012 perisse!
514 2913 677 3012 Ingemui,
700 2912 894 2989 lacrimatus
919 2938 1005 3003 sum,
1023 2950 1048 3001 ις

153 3028 277 3104 dolore
294 3028 371 3119 arsi,
389 3045 458 3103 tam
476 3027 629 3119 doctum,
648 3045 716 3102 tam
730 3045 921 3127 expertum,
937 3045 1005 3103 tam

153 3146 336 3244 probatum
366 3144 538 3218 medicum
564 3143 747 3233 defecisse,
774 3145 870 3218 cuius
896 3161 1007 3218 morte

153 3277 189 3334 te
211 3263 340 3360 lugere,
367 3258 596 3358 dignissimam
624 3275 764 3332 matrem
791 3277 881 3334 tuam
908 3260 1006 3334 senio

164 2093 180 2109 ι
243 2060 285 2130 5
356 1989 439 2088 quid
462 1989 542 2064 felix
564 2014 839 2088 prosperumque
856 2006 937 2087 post
953 2006 1006 2064 tot

201 3463 249 3511 Nc.
268 3473 321 3521 ²9⁴·
355 3462 390 3526 (7)
405 3468 493 3524 polest
513 3461 599 3511 1010
633 3460 683 3524 (η)
705 3470 730 3511 cn
755 3463 804 3512 luis
830 3463 859 3513 c.
894 3464 944 3526 (ις)
965 3475 1007 3512 so·

153 3542 214 3591 licit.
234 3541 264 3591 C.
299 3541 348 3605 (18)
366 3542 464 3605 lugiere
482 3542 512 3592 C.
554 3543 643 3592 scenio
660 3541 689 3592 0
