2820 4680
641 899 720 969 Lm.

440 1208 554 1272 (Patavii,
573 1221 596 1256 u.
617 1207 747 1270 1445-48.
769 1208 915 1269 ¹⁴51-52b

256 1489 382 1559 Laurus
399 1483 554 1580 Quirinus
571 1483 778 1557 nobilissimae
791 1493 822 1557 et
837 1483 1103 1583 eloquentissimae

257 1600 368 1699 uirgini
383 1603 481 1673 lsotn’
497 1600 676 1697 Nognroloe
688 1599 822 1673 sulutem
832 1598 1003 1699 plurimam
1016 1600 1100 1675 dicit.

274 1976 277 1993 .
408 1981 410 1985 ,
434 1936 541 1985 uoon
556 1912 674 1986 nescio
688 1912 764 2009 quis
773 1935 874 2009 paene
883 1911 1102 2001 subrusticus,
1136 1938 1144 1986 s

262 2079 290 2133 ,ὦ
317 2077 353 2149 9
448 2026 1103 2126 Isotainsignisieminarumnostritem·

261 2142 296 2220 Ε
321 2150 357 2218 5
375 2138 392 2215 ‘fs
413 2174 420 2181 ’
448 2145 540 2241 poris
555 2144 700 2217 maxima
716 2142 1103 2240 gloria,adhancusque

255 2257 346 2332 diem
358 2285 412 2332 me
422 2259 540 2348 tenuit,
551 2285 594 2332 ne
604 2259 664 2332 tibi
677 2276 778 2333 antea
791 2259 989 2348 scriberem,
1000 2283 1102 2356 quarn

256 2374 361 2449 tacito
379 2374 532 2477 quidem²
550 2374 613 2448 sed
631 2392 727 2449 certe
745 2375 890 2472 plurimo
907 2398 1024 2448 amore
1041 2398 1104 2447 co-

255 2491 379 2563 lebam.
394 2492 520 2564 Verum
539 2490 570 2562 in
589 2489 844 2587 praesentiarum
864 2489 986 2563 institui
1005 2491 1104 2562 malle
1121 2515 1149 2550 ¹⁰

255 2605 362 2678 veteri
380 2605 563 2703 proverbio
590 2605 736 2679 monitus
753 2607 859 2679 semel
886 2629 984 2678 ruere
1002 2629 1104 2703 quam

255 2744 393 2818 semper
406 2720 570 2818 pendere,
595 2746 671 2794 nam
688 2722 969 2818 cumpraeclarus
986 2719 1034 2791 vir
1052 2723 1105 2792 lo-

256 2838 387 2909 hannes
406 2837 600 2933 Delphinus
617 2861 638 2909 e
655 2839 793 2910 Verona
808 2835 982 2909 Patavium
1001 2834 1105 2932 petis·

256 2968 310 3025 set
338 2968 375 3026 et
401 2952 487 3026 inter
512 2954 676 3050 pleraque
703 2952 843 3049 insignia
866 2951 956 3025 urbis
986 2976 1105 3024 monu-

304 3317 377 3366 Exm
394 3317 417 3366 in
442 3317 535 3368 codice
553 3317 727 3366 Arundeliuno
744 3329 780 3364 nr.
799 3328 831 3375 70
853 3329 913 3364 sree.
940 3315 987 3363 XV
1011 3312 1056 3378 (C)
1079 3321 1105 3362 et

256 3400 280 3446 in
308 3396 399 3447 codice
427 3397 620 3447 vindobonensi
645 3411 682 3445 nr.
714 3407 774 3455 3³30
797 3408 857 3445 suec.
884 3396 931 3444 XV
947 3395 999 3459 (V).

303 3476 338 3540 (⁴)
366 3477 446 3526 Ysore
472 3476 504 3536 C,
532 3478 600 3525 lzote
629 3478 655 3524 V.
689 3478 755 3538 plur.
778 3489 824 3525 om.
852 3477 880 3524 V.
914 3475 948 3539 (8)
971 3488 1048 3537 quem
1071 3474 1105 3535 Y,

256 3555 291 3620 (9)
309 3564 383 3605 certo
403 3558 428 3605 V.
463 3559 495 3620 (9.
518 3557 554 3618 ιο)
572 3557 697 3606 collebono
714 3555 767 3605 CV.
802 3557 852 3618 (ις)
869 3565 986 3618 patavum
1003 3554 1057 3604 CV.
