2820 4680
658 564 708 637 ¹55

255 722 448 819 respexisse
470 722 514 797 ad
531 726 619 798 Abel
633 741 669 799 et
686 749 826 809 munera
842 725 932 800 eius:
952 724 1044 823 prius
1060 725 1105 801 si·

255 835 394 936 quidem
433 837 478 913 ad
515 842 615 930 Abel,
646 839 773 915 deinde
806 839 850 914 ad
885 865 1035 933 munera,
1070 857 1106 915 ut

256 952 491 1051 intelligamus,
522 981 591 1030 non
622 973 689 1031 tam
728 956 760 1030 ei
796 972 927 1053 gratum
957 957 1106 1032 existere

256 1068 352 1166 quod
365 1069 517 1162 offertur,
531 1095 633 1168 quam
648 1072 797 1146 animum
813 1072 999 1163 offerentis,
1017 1097 1106 1170 quo-

256 1185 343 1259 niam
370 1212 439 1261 non
461 1212 505 1261 ex
524 1187 654 1262 tristitia
671 1205 729 1263 aut
744 1212 789 1262 ex
807 1189 1024 1279 necessitate,
1042 1187 1105 1263 sed
1137 1223 1146 1274 t

256 1301 395 1376 hilarem
429 1301 584 1378 datorem
619 1303 726 1402 diligit
759 1303 854 1379 deus.
900 1305 994 1378 Nihil
1025 1320 1105 1377 tunc

255 1416 499 1514 praedicabitur
521 1421 587 1495 hac
605 1438 662 1494 tua
679 1419 877 1510 humilitate,
897 1419 1105 1517 benignitate

255 1533 494 1627 admirabilius,
521 1536 602 1610 nihil
628 1536 795 1611 devotius.
827 1539 906 1610 l·lac
925 1536 979 1611 via
994 1535 1107 1634 rapies

256 1652 390 1743 caelum,
405 1652 565 1750 quoniam
580 1654 694 1728 talium
708 1669 762 1727 est
774 1677 915 1751 regnum
929 1653 1105 1742 caelorum,

257 1789 335 1840 cum
365 1793 433 1842 vox
462 1771 588 1844 clamet
618 1769 835 1867 evangelica:
853 1768 990 1842 Discite
1008 1791 1029 1842 a
1051 1793 1106 1841 me
1121 1800 1151 1837 ιο

181 1978 190 1993 ·
257 1884 314 1982 qui
347 1884 434 1959 mitis
463 1909 535 1958 sum
566 1903 603 1960 et
632 1885 765 1960 humilis
795 1883 916 1975 corde,
946 1883 1108 1982 deposuit

256 2017 418 2097 potentes
439 1999 485 2073 de
502 2000 588 2075 sede
605 2016 641 2074 et
658 2000 818 2076 exaltavit
836 2000 989 2074 humiles.
1010 1999 1106 2073 Reli·

257 2139 360 2212 quum
394 2131 459 2206 est,
485 2132 522 2189 ut
545 2116 760 2191 sanctitatem
787 2132 877 2190 tuam
899 2115 991 2189 omni
1005 2114 1106 2189 animi

257 2228 444 2305 devotione
477 2231 673 2330 supplicans
706 2256 814 2321 orem,
849 2255 904 2304 me
934 2230 1106 2328 indignam

256 2345 412 2420 ancillam
432 2363 533 2437 tuam,
553 2346 793 2422 devotissimos
809 2371 927 2420 servos
945 2362 1023 2420 tuos
1040 2345 1106 2420 lra·
1123 2379 1147 2431 ις

257 2476 325 2535 tres
335 2487 432 2537 meos
442 2462 703 2561 universamque
713 2462 870 2536 familiam
882 2464 1106 2560 Nogarolam,

259 2602 337 2674 quae
362 2603 401 2653 se
427 2595 534 2653 totam
557 2597 616 2654 tuo
633 2578 847 2653 sanctissimo
864 2578 991 2652 nomini
1009 2576 1108 2651 dedi-

258 2693 358 2784 cavit,
372 2719 415 2769 ea
428 2695 569 2769 caritate
582 2710 619 2769 et
636 2693 876 2783 benivolentia,
894 2718 964 2791 qua
981 2691 1107 2766 fidelis-

258 2809 361 2884 simos
385 2836 504 2885 servos
530 2827 607 2884 tuos
628 2809 770 2908 diligere
796 2812 899 2898 soles,
927 2807 1047 2905 diligas
1071 2824 1124 2882 et·

257 2927 365 3023 gratia
389 2944 447 3000 tua
471 2926 594 3025 dignos
620 2924 760 3000 iudices.
786 2927 828 2999 Et
844 2949 913 3022 ego
930 2926 1107 2999 caelestem
1122 2957 1153 2992 ιο

259 3066 375 3140 regem
405 3067 542 3141 precor,
573 3058 608 3117 et
637 3041 777 3140 quidem
806 3042 1040 3130 vehementer,
1073 3056 1109 3114 ut

259 3157 350 3255 pium
360 3182 401 3232 ac
411 3174 566 3232 sanctum
576 3156 783 3231 desiderium
794 3173 945 3231 nostrum
959 3153 1107 3248 adiuvet,

260 3273 293 3347 id
303 3290 367 3365 est,
378 3273 591 3349 utsanctitati
602 3290 760 3372 tuaequae
777 3273 905 3372 placita
920 3288 998 3347 sunt
1014 3272 1107 3346 omni

306 3525 340 3603 (a)
356 3539 389 3589 ad
407 3540 482 3590 habel
499 3540 529 3589 C.
564 3539 614 3603 (ro)
628 3554 707 3602 quom
722 3539 752 3590 G
781 3537 831 3602 (aa)
843 3546 955 3589 vestrum
971 3537 1001 3587 G
