2820 4680
709 546 745 611 50

302 704 425 778 clarius
450 701 579 776 virtutis
605 716 766 775 terrestre
793 699 1031 773 habitaculum.
1061 697 1151 798 Qui·

303 821 366 893 bus
392 820 424 892 in
452 819 553 891 rebus
580 841 645 891 nec
670 816 752 891 fello
766 839 832 889 nec
854 814 961 888 fallor.
983 815 1042 887 De
1061 815 1151 888 nullu

303 950 356 1009 tot
380 950 518 1030 tumque
536 934 702 1030 praeclure
719 930 845 1005 iudicia
861 929 955 1003 editu
971 946 1059 1019 sunt,
1079 932 1152 1003 nul-

302 1052 354 1124 lus
370 1049 494 1123 Yutiae
512 1050 610 1122 locus
627 1064 695 1121 tam
709 1047 876 1135 desertus,
887 1071 958 1143 quo
976 1046 1022 1120 tui
1042 1045 1152 1120 nomi·

275 1197 286 1250 t
304 1166 354 1239 nis
380 1165 469 1239 fama
491 1190 558 1238 non
578 1163 781 1262 pervenerit.
801 1164 892 1236 Cum
912 1181 1009 1238 recto
1027 1221 1149 1237 .....

302 1298 339 1357 et
349 1279 566 1355 securissimo
578 1280 692 1354 animo
707 1280 855 1353 Romam
874 1279 1034 1377 piissimae
1051 1305 1152 1378 pere-

301 1395 500 1495 grinationis
522 1419 626 1469 causa
643 1392 782 1492 petiisti,
801 1418 873 1490 quo
899 1394 1055 1485 consilio,
1083 1420 1153 1493 qua

302 1510 517 1595 auctoritate,
545 1534 613 1608 qua
638 1507 776 1582 dicendi
794 1508 909 1606 copia,
928 1526 1055 1605 quanta
1072 1534 1151 1586 cum

304 1626 475 1724 pontificis
501 1641 537 1698 et
563 1624 700 1698 fratrum
719 1623 946 1698 admiratione
960 1626 1076 1699 locuta
1092 1631 1149 1702 est

261 1777 291 1813 ιο
305 1741 448 1817 Maximi
478 1757 556 1815 sunt
585 1740 642 1837 qui
677 1739 770 1837 apud
805 1740 971 1815 maximos
1006 1742 1153 1818 maxime

302 1856 521 1932 aestimantur.
552 1855 623 1930 Hic
649 1857 746 1953 plura
771 1880 839 1929 non
865 1854 979 1930 dicam
1003 1880 1069 1930 nec
1085 1858 1153 1932 alia

302 1974 464 2070 exempla
489 1995 692 2069 proponam,
719 1995 798 2045 cum
826 1972 890 2045 ium
918 1988 953 2045 et
975 1973 1153 2048 nostriset

303 2088 450 2186 posteris
463 2087 620 2161 omnibus
638 2089 800 2185 exemplo
817 2089 952 2186 optimo
971 2088 1082 2164 sutura
1093 2091 1149 2165 sis.

304 2205 384 2278 Nec
406 2203 585 2302 quisquam
603 2202 783 2289 dubitabit,
802 2205 918 2301 quanti
938 2204 1052 2296 fueris,
1071 2233 1152 2305 quae

260 2353 285 2401 ις
302 2318 367 2392 iam
393 2318 451 2392 diu
478 2343 546 2392 non
574 2318 659 2392 meis
684 2319 831 2416 scriptis,
857 2319 920 2394 sed
940 2320 1004 2395 tuis
1022 2322 1153 2397 meritis

302 2434 391 2508 sama
416 2435 461 2508 sis
486 2459 589 2533 super
612 2436 744 2509 aetheru
762 2452 852 2509 nota.
876 2438 1053 2511 Auxerunt
1068 2461 1152 2512 auc·

300 2551 472 2625 toritatem
515 2567 605 2624 tuum
648 2550 927 2648 peritissimorum
975 2552 1173 2628 hominum·

299 2666 433 2757 litterae,
460 2692 540 2764 quae
561 2691 605 2740 ex
623 2666 722 2741 variis
739 2667 1046 2768 diversissimisque
1064 2669 1153 2746 locis

299 2782 344 2857 ad
374 2799 408 2856 te
438 2781 638 2857 deseruntur
668 2799 703 2856 et
733 2799 790 2856 tua
821 2807 986 2881 responsu
1019 2783 1152 2860 avidius

256 2923 402 2996 mquam
428 2899 509 2973 olim
536 2899 726 2973 Sibillerum
753 2900 898 2975 consilia
922 2916 1152 2998 expectantur

298 3032 335 3088 et
355 3015 582 3113 proferuntur.
611 3016 836 3091 Caesariensis
855 3015 1049 3091 Cardinalis
1067 3016 1151 3091 nihil

299 3130 331 3203 in
351 3130 508 3205 universo
526 3155 590 3204 suo
608 3130 666 3205 illo
684 3131 883 3230 longissimo
896 3132 1017 3206 itinere
1036 3148 1072 3205 te
1088 3157 1152 3208 suu

344 3341 379 3404 (3)
404 3350 498 3404 touque
521 3342 551 3391 C.
586 3342 617 3404 (4.
640 3343 661 3406 ς)
685 3343 912 3405 nominis1nos0
947 3343 981 3408 (7)
997 3344 1148 3407 potuisse

297 3420 332 3483 (9)
350 3421 452 3471 fratrum
470 3421 577 3485 sortasse
600 3425 732 3487 corruptum
753 3426 794 3473 est.
839 3423 888 3487 (11)
918 3424 1094 3474 existimentur
1116 3425 1148 3476 G

297 3500 381 3551 dieunt
394 3502 423 3551 C.
452 3503 556 3552 aliarum
569 3502 598 3552 0
627 3502 677 3566 (ro)
695 3504 783 3553 heteru
799 3503 829 3554 C.
