2820 4680
844 614 901 675 ²74

444 769 524 843 vitae
543 769 719 867 praemium
737 768 941 865 assequeris.
972 769 1049 840 Nos
1065 781 1179 839 autem
1198 789 1298 838 oma-

446 899 561 958 menta
578 884 723 958 habituri
739 908 856 958 sumus
872 899 909 957 et
925 880 1114 956 commoda
1126 879 1245 976 tuique
1261 896 1298 953 et

444 999 643 1074 memoriam
671 1025 740 1073 non
767 998 888 1073 minori
913 996 1089 1071 desiderio
1106 1019 1297 1093 proseque-

446 1141 519 1189 mur
536 1139 638 1212 quam
657 1116 806 1212 populus
823 1116 1003 1188 Romanus
1021 1113 1170 1185 Numam
1192 1112 1297 1183 Pom-

417 1259 428 1313 ς
445 1230 559 1328 pilium
586 1247 644 1304 aut
670 1231 869 1320 Romulum,
887 1228 1038 1326 quicum
1055 1226 1214 1301 amissum
1232 1225 1297 1300 do-

444 1347 518 1421 lens
551 1346 630 1420 talia
662 1350 768 1421 verba
801 1348 1025 1444 loquebatur:
1063 1345 1100 1417 O
1133 1345 1296 1433 Romule,

445 1465 608 1553 Romule,
622 1462 692 1554 dic,
706 1465 841 1560 qualem
856 1478 892 1536 te
910 1460 1030 1559 patriae
1047 1458 1229 1533 custodem
1249 1460 1296 1533 dii

441 1580 650 1676 genuerunt!
679 1579 734 1651 Tu
761 1576 950 1676 produxisti
977 1600 1040 1650 nos
1058 1576 1145 1649 inter
1162 1575 1296 1650 luminis

442 1718 530 1769 oras.
560 1696 597 1768 O
624 1710 734 1791 pater,
752 1720 775 1767 o
799 1693 936 1791 genitor
953 1691 1083 1790 patriae,
1102 1718 1126 1764 o
1140 1715 1294 1789 sanguen

400 1839 430 1877 ιο
442 1808 507 1884 diis
532 1809 731 1884 oriunduml
768 1808 838 1884 Sed
864 1808 948 1906 quid
973 1833 1042 1906 ego
1069 1807 1185 1904 inepta
1213 1832 1294 1904 agO,

441 1950 522 2023 quae
544 1942 579 1999 te
597 1927 663 2000 bac
680 1925 829 1999 leminea
849 1924 1058 1999 verbositate
1076 1923 1294 2020 usqueadeo

442 2040 594 2132 fastidire
629 2067 698 2114 non
732 2040 873 2116 desisto.
916 2040 1036 2114 Finem
1064 2038 1182 2136 itaque
1208 2040 1294 2113 meis

442 2154 493 2229 his
519 2156 616 2254 nugis
642 2156 827 2253 imponam,
845 2155 873 2229 si
892 2173 927 2229 te
946 2154 1038 2252 prius
1055 2179 1212 2244 oravero,
1231 2156 1293 2228 hu·

441 2268 635 2344 manissime
664 2270 817 2361 domine,
848 2296 892 2344 ne
922 2269 1052 2343 mireris
1082 2293 1169 2343 neve
1211 2270 1292 2343 mihi

398 2418 423 2467 ις
439 2408 659 2475 succenseas,
680 2386 708 2460 si
734 2410 817 2461 ausa
841 2385 974 2475 luerim,
1001 2401 1037 2459 ut
1062 2383 1142 2474 dixi,
1162 2401 1291 2459 tantum

439 2527 526 2576 onus
543 2519 579 2576 et
595 2501 722 2576 viribus
739 2502 824 2576 meis
837 2502 945 2598 impar
958 2517 1026 2575 tarn
1040 2500 1163 2574 audaci
1177 2500 1292 2575 animo

438 2616 627 2715 suscipere,
652 2617 698 2692 ad
724 2635 758 2691 te
775 2617 910 2691 scilicet
926 2615 1090 2706 scribere,
1108 2634 1144 2689 er
1162 2618 1292 2714 magni·

438 2732 545 2807 tudini
576 2733 771 2808 meritorum
802 2750 936 2807 tuorum
967 2756 1133 2830 nusquam
1164 2732 1292 2806 oratio-

439 2873 517 2921 nem
536 2872 646 2922 meam
665 2872 851 2945 exaequare
865 2847 1028 2945 potuisse.
1051 2849 1177 2921 Patere
1191 2847 1290 2945 igitur

393 2979 474 3038 :oet
508 2964 704 3038 humanitati
738 2979 808 3038 tuae
840 2966 977 3061 culpam
1011 2962 1174 3052 ascribas,
1208 2988 1289 3060 quae

438 3078 517 3152 mihi
528 3080 617 3153 hanc
631 3079 976 3177 praebuitaudaciam,
992 3094 1028 3152 ut
1041 3104 1096 3153 me
1111 3095 1289 3176 totamque

440 3197 650 3293 Nogarolam
677 3195 835 3270 familiam
862 3195 923 3269 tibi
940 3194 1076 3269 tradere
1093 3219 1136 3268 ac
1153 3194 1289 3268 condo-

483 3412 517 3476 (ς)
527 3414 594 3473 eum}
605 3428 661 3463 cum
672 3414 701 3464 C
721 3413 755 3476 (9)
765 3416 840 3465 horas
849 3415 880 3465 C.
898 3415 1019 3479 sanguine
1027 3415 1095 3464 codd.
1115 3415 1123 3473 l
1127 3415 1164 3477 ro)
1173 3416 1245 3477 quod
1256 3418 1285 3467 C

435 3492 468 3541 in.
477 3493 550 3556 virgo
564 3495 591 3543 T.
615 3493 665 3556 (ιι)
678 3496 774 3558 buclae
783 3495 813 3545 C.
837 3495 887 3561 (ιι)
895 3496 1025 3546 fastidiose
1033 3497 1101 3546 codd.
1129 3498 1288 3561 (17.rll)ma·

435 3571 591 3635 gnitudinem
604 3575 631 3623 T.
650 3574 900 3638 (solascribesaodd.
921 3574 1098 3639 (zalatquec.
