2820 4680
332 1206 462 1269 (Veronae,
481 1222 569 1259 mense
586 1211 740 1274 Septembri,
759 1219 787 1261 ut
801 1213 910 1273 videtur,
928 1228 951 1263 r.
972 1214 1052 1277 1436.)

261 1487 424 1560 Zenevera
433 1487 602 1587 Nogarola
615 1487 746 1563 domem
758 1491 882 1566 Iacobo
890 1495 1034 1566 Foscaro
1055 1496 1114 1567 Ve-

562 1613 636 1679 nelo
650 1607 684 1679 8.
705 1608 741 1679 P.
761 1610 809 1681 D.

437 1944 493 1993 rsr
512 1943 763 2016 saepenumero,
786 1918 836 1993 vir
861 1919 1010 2018 insignis,
1037 1919 1113 2018 qui·
1144 1949 1154 2001 ς

461 2032 538 2108 dam
567 2060 668 2132 paene
681 2034 902 2109 subrusticus
923 2033 1035 2132 pudor
1052 2059 1113 2110 cu·

461 2148 637 2247 piditatem
698 2174 808 2224 meam
875 2149 1110 2223 incredibilem

258 2263 491 2355 deterruisset,
509 2282 546 2338 ut
572 2290 665 2339 meas
690 2263 734 2339 ad
753 2282 788 2338 te
806 2289 888 2339 sane
911 2264 1058 2362 pueriles
1075 2283 1112 2340 et

258 2379 411 2455 abiectas
424 2381 552 2455 litteras
565 2379 648 2455 dare
657 2380 795 2455 minime
807 2379 982 2472 auderem,
997 2398 1110 2456 tamen

258 2517 336 2567 cum
354 2497 479 2571 absens
503 2496 668 2594 epistolas
685 2522 754 2570 non
780 2498 987 2571 erubescere
1013 2495 1110 2594 cogi·
1126 2526 1156 2562 ιο

258 2611 409 2703 taverim,
428 2614 617 2709 plusculum
636 2637 737 2711 quam
757 2611 869 2711 pudor
889 2611 1111 2686 concedebat

257 2724 432 2801 desiderio
454 2728 743 2827 inpraesentiarum
758 2727 869 2826 largiri
886 2727 958 2803 visa
974 2752 1060 2817 sum,
1074 2744 1111 2802 et

256 2865 302 2916 eo
320 2843 438 2941 magis,
457 2845 538 2943 quia
556 2844 706 2919 nonnulli
725 2842 911 2919 admodum
933 2843 1109 2917 clarissimi

255 2956 315 3030 viri
334 2975 460 3034 tantam
479 2961 721 3036 humanitatem
741 2960 774 3033 in
793 2977 827 3034 te
849 2985 919 3034 uno
944 2976 1107 3049 asserunt,

256 3090 292 3147 ut
317 3098 481 3150 summam
510 3076 542 3150 in
569 3094 604 3151 te
630 3101 718 3167 esse,
745 3074 773 3151 si
799 3100 948 3174 unquam
975 3074 1008 3147 in
1039 3075 1151 3156 ullorr

255 3189 366 3281 luerit,
383 3208 594 3283 attestentur,
608 3192 740 3291 tibique
767 3193 804 3265 L.
835 3193 977 3266 Paulum
1008 3191 1108 3291 Emy-

254 3306 334 3380 lium
353 3332 558 3406 praeponere
570 3308 632 3383 visi
649 3325 737 3399 sunt,
756 3307 910 3406 quicum
934 3303 1108 3381 Macedo-

302 3491 374 3541 Extat
389 3493 413 3541 in
430 3491 523 3543 codice
538 3493 679 3544 Hrrlciano
695 3507 733 3543 ur.
755 3492 817 3558 2508
833 3504 894 3543 auc.
912 3492 971 3542 XV.
988 3490 1040 3557 (C).

300 3571 335 3636 (4)
349 3573 374 3622 S.
392 3574 422 3621 Ρ.
442 3574 488 3635 1).]
510 3572 545 3623 de
558 3572 678 3623 leudibus
694 3575 834 3623 litterarum
851 3572 881 3623 G
