2820 4680
557 561 609 623 ³53

152 714 210 774 Aut
223 731 291 775 cum
309 715 477 775 Faunorum
491 712 630 793 gregibus
642 712 688 773 vel
701 722 775 774 teste
793 711 942 786 Menolcu

156 811 306 872 Maximus
320 812 349 871 in
365 810 470 872 nostris
484 811 535 891 qui
550 809 698 871 montibus
712 810 810 871 omnia
825 810 912 883 novit,

153 908 344 970 Cantandum
359 926 419 989 qua
432 925 513 981 voce,
533 907 627 968 modis
641 924 710 987 quoe
726 906 820 968 fistula
834 906 948 988 perflet

152 1007 362 1086 victoremque
377 1023 424 1065 me
439 1005 494 1065 hac
508 1003 626 1065 donavit
639 1003 784 1065 arundine
799 1022 895 1085 nuper

156 1107 218 1166 Pan
232 1122 239 1165 :
258 1106 345 1177 Puer,
364 1113 394 1163 et
408 1102 488 1175 dixit,
506 1113 651 1183 conpacta
665 1103 732 1162 haec
746 1101 840 1163 fistule
854 1103 960 1164 nostris

157 1204 209 1262 Est
223 1200 365 1273 manibus,
385 1218 459 1281 puer
474 1200 550 1260 hanc
565 1199 667 1261 merite
681 1218 735 1281 pro
751 1198 837 1260 laude
851 1210 961 1262 teneto.

156 1301 200 1361 Ut
215 1298 302 1359 llores
315 1308 464 1358 sectantur
476 1315 548 1378 apes
562 1296 743 1377 frondesque
757 1296 889 1378 cepellae,

156 1395 260 1458 Ubera
272 1395 446 1476 perquirunt
459 1394 553 1455 teneri
567 1394 623 1455 sub
634 1394 775 1455 matribus
789 1393 846 1455 tedi

156 1495 194 1553 Et
208 1493 280 1553 vites
293 1492 419 1554 deflexae
435 1491 529 1553 ulmos
544 1509 701 1573 roremque
715 1491 837 1565 cicedte,

156 1591 265 1652 Messis
275 1608 367 1671 eques
380 1590 561 1670 crebrosque
576 1589 649 1671 petit
662 1588 825 1650 madefacto
839 1588 961 1663 calores,

152 1689 201 1749 Sic
214 1706 271 1768 ego
284 1689 414 1750 carmina
427 1706 546 1769 semper
558 1707 626 1749 amo
639 1706 692 1750 seu
706 1689 835 1750 carmina
850 1688 947 1763 mavis,

153 1787 235 1866 Quae
251 1786 335 1846 Febo
349 1785 394 1846 vel
407 1803 476 1866 quae
492 1803 645 1846 nemorum
660 1785 717 1846 sint
729 1798 811 1866 grets
826 1785 938 1868 puellis.

154 1883 205 1943 llla
219 1884 314 1944 omnis
328 1883 440 1965 pellunt
453 1902 539 1944 curas
551 1894 582 1943 et
595 1883 705 1963 degere
719 1883 836 1946 dulcem

155 1984 235 2042 lnter
250 1981 362 2043 laetitias
378 1981 488 2042 faciunt
501 1992 531 2042 et
544 1981 651 2061 gaudia
665 1982 759 2042 vitem.

158 2080 214 2139 His
228 2098 285 2158 ego
300 2091 432 2160 pastores
447 2079 519 2139 mira
532 2078 689 2140 dulcedine
703 2091 805 2160 coptos

156 2177 288 2236 Detineo
303 2177 512 2258 pecudumque
526 2175 633 2237 oblitos
646 2176 745 2237 dicere
761 2176 862 2238 laudes

153 2275 241 2355 Saepe
257 2293 337 2335 meas
350 2273 445 2354 adigo,
465 2285 495 2334 et
508 2275 531 2335 si
546 2275 612 2355 quis
626 2284 739 2335 certare
754 2274 890 2336 canendo

152 2371 275 2444 Audeat,
295 2373 374 2432 hunc
387 2373 493 2432 victum
507 2371 624 2433 calamis
644 2383 675 2433 et
687 2372 816 2433 carmine
830 2373 920 2453 privo.

156 2469 262 2549 Nuper
276 2480 306 2528 et
321 2468 375 2542 hic,
395 2487 498 2550 nuper,
517 2481 548 2530 tu
562 2471 643 2531 testis
657 2471 782 2531 maxima
806 2470 901 2551 pinus,

152 2565 319 2626 Audentem
333 2585 418 2628 versu
433 2567 614 2629 contendere
628 2568 747 2629 vicimus
766 2566 879 2647 Eglem.

445 2760 657 2844 Curiugominm
669 2783 681 2824 .·

194 2860 225 2920 Ο
241 2869 383 2938 quantum
399 2860 445 2920 hic
460 2878 525 2921 sese
540 2860 620 2922 nullo
634 2861 690 2922 sub
704 2860 801 2922 iudice
816 2862 904 2922 iactat

158 2959 195 3017 Et
209 2976 297 3036 quam
312 2957 446 3037 virgineis
459 2957 538 3018 cedit
551 2959 728 3020 carminibus
742 2958 788 3019 ille
804 2961 811 3019 1

156 3053 282 3115 Dulcius
296 3055 434 3116 emittunt
448 3056 600 3136 stringenti
615 3055 711 3117 littora
723 3067 812 3117 vento

201 3277 251 3341 (ῖς)
268 3277 362 3327 conc.
397 3277 447 3341 (ῃ)
471 3279 638 3328 comtemdum
657 3279 687 3328 c.
728 3279 779 3344 (⁴0)
796 3294 845 3342 pro
862 3281 955 3330 merito
971 3281 1003 3331 C.

153 3358 204 3422 (42)
232 3358 275 3407 edi
298 3357 328 3407 C.
370 3357 421 3423 (43)
448 3359 529 3409 victes
552 3359 578 3409 d.
605 3361 706 3410 uulmos
729 3360 760 3411 G
802 3359 852 3425 (44)
876 3360 953 3410 mesic
970 3360 1002 3410 C.

154 3436 204 3501 (⁴5)
228 3451 325 3502 senper
348 3438 378 3488 α
420 3437 470 3502 (46)
494 3440 579 3502 puelis
603 3439 633 3489 C.
668 3440 719 3504 (μ)
738 3439 869 3490 sudenten
887 3440 917 3490 G
952 3439 1005 3505 (ςς)

153 3531 226 3568 sesse
243 3518 274 3568 G
307 3517 358 3582 (57)
376 3519 482 3569 emitunt
501 3519 531 3569 α
566 3520 641 3570 litore
658 3520 688 3571 C.

207 3637 386 3695 ιωιιηοςιηιι
399 3638 477 3695 opas
491 3638 516 3681 n.
869 3639 896 3688 η
