2820 4680
704 599 759 657 ¹¹4

302 779 441 845 vovere,
460 755 530 827 hoc
557 752 747 826 iuramento
764 750 950 848 prohibere
968 775 1036 824 non
1055 767 1156 849 pote·

304 869 357 944 ris.
390 872 473 943 Hoc
491 870 605 944 Asulae
624 893 749 966 magno
766 866 1027 942 clarissimorum
1046 867 1156 941 homi-

304 1013 383 1061 num
421 1011 587 1061 consessu
626 983 749 1058 nudius
788 983 906 1058 tertius
944 982 1021 1058 ieci.
1064 986 1154 1058 Nam

303 1127 381 1177 cum
409 1101 488 1174 mihi
515 1101 650 1175 oblatus
675 1116 769 1175 esset
794 1099 927 1174 libellus
953 1098 1103 1198 quidam,
1122 1098 1154 1171 in

278 1244 287 1295 t
303 1243 374 1316 quo
400 1217 559 1316 epistolae
581 1219 696 1291 multae
715 1215 990 1291 doctissimorum
1007 1215 1154 1289 virorum

302 1333 440 1433 scriptae
457 1349 564 1423 erant,
574 1359 618 1408 ex
627 1332 786 1407 omnibus
799 1349 889 1406 tuam
904 1356 1005 1405 unam
1017 1333 1155 1406 Sanctae

303 1449 428 1525 Crucis
439 1448 743 1524 Reverendissimo
754 1448 846 1522 Patri
861 1446 1056 1551 dedicatam
1074 1472 1154 1546 pro·

302 1565 520 1640 nuntiandam
530 1563 657 1663 delegi,
667 1589 769 1664 quam
783 1589 917 1639 summo
926 1588 1005 1637 cum
1019 1562 1155 1638 silentio

301 1697 339 1754 et
362 1679 587 1755 admiratione
612 1679 813 1754 audiverunt
839 1678 897 1778 qui
931 1678 1084 1763 aderant,
1118 1695 1155 1752 et

260 1826 289 1862 10
301 1795 412 1870 omnis
438 1812 555 1870 noster
575 1819 690 1870 sermo
707 1794 752 1869 ad
771 1811 806 1869 te
823 1794 1038 1883 laudandam,
1056 1793 1100 1868 ad
1120 1810 1154 1868 te

301 1911 533 1986 extollendam
561 1936 624 2010 per
641 1914 762 1986 multas
779 1913 880 1986 horas
898 1935 1085 1986 conversus
1101 1928 1156 1984 est

301 2028 447 2127 plusque
467 2026 588 2124 gloriae
614 2052 658 2100 ex
676 2027 919 2101 sententiarum
936 2026 1101 2125 gravitate
1118 2044 1154 2100 et

300 2142 482 2216 verborum
517 2159 638 2217 ornatu
673 2142 705 2215 in
741 2159 786 2232 te,
818 2166 919 2240 quam
951 2141 983 2214 in
1014 2141 1153 2217 laudato

301 2256 476 2332 Cardinali
502 2257 717 2333 contulimus.
746 2260 865 2356 ltaque
891 2257 1078 2332 diutissime
1097 2274 1154 2333 tua

259 2402 285 2455 ¹5
302 2373 478 2472 praeconia
491 2374 522 2447 in
536 2400 599 2449 ore
613 2392 731 2450 nostro
744 2392 958 2449 commorata
974 2391 1062 2464 sunt,
1081 2400 1153 2472 quo

301 2489 383 2563 cibo
401 2491 510 2564 nulius
528 2490 607 2563 mihi
621 2490 756 2564 dulcior
768 2507 826 2565 aut
842 2491 977 2565 suavior
993 2515 1072 2565 esse
1090 2516 1152 2590 po·

301 2620 377 2680 test.
406 2607 507 2707 Quas
523 2606 571 2680 ob
589 2630 644 2680 res
660 2606 738 2696 scis,
758 2631 969 2705 quocunque
986 2606 1101 2681 animo
1119 2606 1151 2679 in

301 2746 356 2796 me
373 2745 451 2797 esse
467 2721 562 2812 velis,
581 2747 649 2820 ego
667 2722 699 2794 in
713 2739 748 2796 te
762 2722 895 2821 optimo
913 2748 984 2797 ero.
1004 2723 1152 2797 Tacebo

300 2853 336 2911 et
353 2839 474 2935 loquar
492 2854 606 2911 tecum
625 2837 733 2912 iussus
746 2861 767 2912 a
779 2837 910 2936 pietate
923 2854 991 2928 tua,
1006 2839 1150 2929 honore,

256 2952 542 3043 zoadmiratione3
575 2955 666 3028 nulla
694 2953 891 3053 prohibitio,
923 2956 1014 3028 nulla
1044 2955 1151 3053 negli-

298 3069 424 3166 gentia,
444 3071 535 3144 nulla
552 3068 679 3159 iniuria,
698 3070 789 3143 nulla
807 3070 920 3167 legum
938 3070 1152 3145 severissima

300 3200 498 3282 potestate.
518 3242 526 3257 .
547 3242 554 3257 .
575 3243 582 3258 .
601 3184 749 3259 alienum
767 3183 902 3275 reddet,
920 3185 1036 3284 quoad
1054 3185 1151 3283 spiri·

300 3316 352 3374 tus
368 3301 432 3375 hos
450 3317 548 3399 reget
563 3318 664 3376 artus.
683 3303 780 3375 Vale.

346 3481 380 3544 (3)
391 3496 533 3532 conscensu
543 3484 573 3534 (ὲ
608 3484 658 3548 (17)
672 3496 831 3550 quocunque
846 3484 876 3538 0
910 3483 960 3552 (ιθ)
977 3498 1036 3538 esse
1052 3499 1098 3539 om.
1117 3487 1147 3540 c.

299 3561 349 3624 (η)
365 3570 481 3627 potestas
497 3576 538 3612 me
555 3563 600 3615 tibi
617 3564 744 3617 alienum?
