2820 4680
846 583 907 660 416

448 756 542 830 tione
560 754 757 829 evolaverit.
782 754 820 828 ld
845 755 937 829 enim
963 771 1000 829 et
1024 755 1115 828 viros
1140 771 1177 827 et
1202 770 1303 828 natos

448 889 541 946 tanta
557 871 659 946 animi
677 871 859 945 vivacitate
877 871 1019 969 rogavit,
1039 887 1075 945 ut
1087 896 1168 968 quae
1181 895 1302 968 supre-

447 1013 537 1061 mum
565 987 623 1061 sati
642 1003 806 1085 punctum
832 986 1025 1075 sustineret,
1048 986 1080 1059 in
1099 988 1165 1060 hae
1183 1001 1302 1084 postu·

446 1103 574 1177 latione
592 1128 652 1176 sua
670 1100 825 1176 revivisci
851 1101 1034 1176 videretur.
1062 1101 1133 1176 Sed
1151 1126 1207 1174 me
1225 1103 1302 1174 lon·

419 1251 428 1301 t
444 1218 520 1317 gius
530 1218 595 1292 iam
614 1217 776 1315 producit
788 1217 946 1292 virtutum
960 1243 1093 1292 suarum
1108 1216 1302 1291 innumera-

446 1333 522 1408 bilis
547 1333 716 1423 accessio,
736 1358 842 1432 quare
861 1332 926 1406 iam
957 1333 1033 1406 finis
1058 1348 1148 1421 esto,
1174 1332 1202 1406 si
1230 1335 1302 1407 hoc

446 1475 547 1524 unum
565 1447 791 1538 admonuero,
819 1474 888 1523 non
910 1472 988 1522 esse
1006 1446 1176 1535 flendum;
1204 1474 1301 1523 narn-

438 1564 514 1663 'que
532 1564 578 1638 ita
594 1579 865 1662 comparaverat,
884 1580 920 1637 ut
938 1589 1006 1637 non
1020 1563 1139 1637 mortis
1155 1563 1218 1637 sed
1238 1565 1301 1637 im-

444 1679 656 1753 mortalitatis
674 1679 876 1776 participem
901 1679 975 1752 sine
1001 1680 1067 1753 ulla
1084 1677 1300 1754 dubitatione

401 1795 569 1869 roiactam
603 1819 681 1869 esse
707 1794 898 1869 credamus.
933 1797 1023 1868 Nam
1050 1794 1078 1868 si
1105 1820 1298 1885 maeremus‚

443 1910 540 2008 quod
558 1912 660 1984 talem
678 1927 823 2008 repente
841 1909 1024 2000 amisimus,
1043 1909 1078 1983 id
1095 1909 1197 1984 etiam
1225 1936 1299 1984 me-

444 2026 581 2101 minisse
599 2025 777 2115 debemus,
794 2025 873 2099 nihil
887 2051 971 2100 sane
988 2025 1181 2100 diuturnum
1196 2026 1299 2102 nobis

441 2141 549 2215 videri
568 2166 672 2239 posse
691 2142 772 2241 quin
790 2140 976 2239 aliquando
991 2142 1093 2215 finem
1106 2141 1150 2215 sit
1162 2142 1298 2216 habitu-

442 2283 524 2332 rum.
570 2260 780 2358 Quanquam
819 2258 910 2332 enim
949 2256 1082 2356 aliquot
1118 2275 1296 2355 superstes

400 2408 425 2461 ις
441 2373 559 2449 suisset
576 2399 694 2464 annos,
710 2373 742 2447 ei
760 2391 874 2447 tamen
892 2372 983 2447 haud
998 2374 1105 2448 multo
1119 2390 1199 2471 post
1217 2399 1293 2448 mo·

441 2488 596 2564 riundum
616 2489 686 2562 suit.
707 2491 749 2563 Et
768 2505 803 2563 ut
821 2488 886 2563 iam
903 2488 1081 2563 vobiscum
1099 2491 1231 2587 loquar,
1245 2488 1297 2562 vir

441 2605 628 2680 clarissime
657 2604 970 2703 spectatissimique
1000 2604 1152 2695 iuvenes,
1187 2605 1295 2680 nolite

442 2721 537 2810 llere,
548 2745 649 2820 quam
659 2721 809 2795 caelestis
819 2719 914 2819 regni
929 2719 1137 2817 municipem
1151 2745 1230 2794 esse
1244 2719 1295 2793 in·

441 2836 633 2934 telligimus,
652 2861 695 2910 ne
721 2835 785 2909 sibi
813 2835 927 2934 potius
945 2834 1097 2909 invidere
1120 2860 1223 2932 quam
1250 2835 1293 2908 ti·

397 2988 428 3024 ιο
441 2977 535 3026 mere
552 2950 746 3041 videamini,
766 2977 831 3026 nec
850 2968 918 3025 tam
937 2967 1082 3025 mortem
1101 2950 1195 3025 istius
1208 2951 1294 3026 flere

440 3093 543 3167 quam
557 3066 779 3142 incommoda
790 3085 903 3142 vestra
916 3066 1047 3141 dolere.
1064 3068 1225 3141 Pulcrum
1239 3084 1294 3142 est

486 3318 519 3384 (3)
543 3319 700 3369 substineret
725 3320 755 3370 G
795 3319 830 3385 (4)
852 3321 978 3371 reminisci
1004 3321 1034 3371 0
1078 3318 1111 3383 (7.
1129 3320 1154 3384 8)
1171 3322 1292 3385 namque]

438 3397 540 3462 sedque
564 3399 594 3449 C.
636 3399 686 3464 (υ)
710 3401 781 3462 sane]
806 3401 872 3449 enim
897 3401 927 3451 C.
980 3401 1032 3466 (13)
1056 3399 1128 3464 quod
1153 3401 1230 3464 aliqu.
1259 3402 1289 3452 G

438 3478 489 3542 (¹4)
512 3479 617 3541 aliquod
642 3480 672 3530 C.
705 3479 755 3545 (16)
780 3481 913 3531 nobiscum
938 3481 968 3531 G
1002 3479 1052 3546 (ιθ)
1079 3481 1233 3545 municipum
1259 3482 1289 3534 C

439 3558 489 3626 (ιι)
506 3559 642 3611 incomoda
659 3560 689 3613 G
