2820 4680
826 588 880 647 ¹94

422 749 534 837 utitur,
545 747 664 821 ultimo
680 745 853 845 supplicio
871 770 939 820 non
959 743 1150 841 puniuntur,
1168 748 1272 820 veluti

421 863 574 937 extranei
600 878 637 936 et
662 862 719 948 itti,
746 861 792 935 de
817 861 942 958 quibus
969 862 1058 933 nulla
1087 876 1141 934 est
1158 862 1273 936 habitu

422 977 642 1052 confidentia.
680 977 859 1075 Fragilitas
891 976 994 1050 etiarn
1025 976 1173 1049 mulieris
1203 1001 1271 1050 non

423 1093 485 1166 tuit
510 1093 647 1189 peccati
669 1117 784 1181 causa,
803 1090 905 1165 veluti
923 1091 1055 1179 scribis,
1073 1090 1136 1165 sed
1153 1116 1273 1189 super-

397 1209 490 1296 ruia,
515 1209 679 1306 quonintn
697 1207 878 1305 promissio
896 1206 1064 1281 daentonis
1083 1206 1144 1280 suit
1160 1207 1274 1281 scien-

423 1324 492 1414 tite,
522 1349 603 1422 quae
641 1341 840 1421 arrogantes
873 1322 981 1397 efficit
1013 1339 1050 1396 et
1083 1324 1272 1397 secundum

423 1441 626 1538 Apostolum
654 1440 756 1512 inflat.
785 1438 912 1512 Initium
929 1439 1020 1512 eninn
1038 1439 1130 1536 apud
1150 1441 1274 1513 Eccle-

423 1554 595 1629 siasticum
629 1553 780 1652 superbio
805 1551 878 1653 suit
908 1554 1012 1627 omnis
1041 1555 1178 1652 peccati.
1233 1557 1275 1629 Et

424 1670 505 1745 licet
531 1671 608 1744 atiae
629 1687 857 1767 consequutae
882 1670 959 1757 sint,
977 1670 1033 1743 illa
1050 1686 1163 1744 tamen
1183 1670 1275 1767 prin·

383 1785 578 1884 rocipuiior,
604 1786 767 1883 quoniam
793 1811 877 1859 earo
901 1784 1088 1859 oboediens
1112 1802 1186 1858 erat
1211 1787 1275 1859 ho·

425 1901 505 1974 mini
540 1902 572 1973 in
602 1916 690 1974 statu
717 1901 926 1974 innocentiae
955 1901 1113 1974 existenti
1143 1917 1179 1975 et
1205 1926 1273 1975 non

424 2016 737 2091 contrariarationi.
754 2016 832 2090 Fuit
849 2039 934 2114 ergo
953 2016 1078 2112 primus
1096 2033 1208 2090 motus
1225 2016 1276 2088 in·

425 2131 601 2206 ordinatus
625 2132 799 2230 appetitus
823 2131 1009 2230 appetendi
1031 2132 1127 2229 quod
1146 2148 1275 2205 noturae

400 2265 498 2320 ‘suae
516 2272 585 2321 non
602 2249 838 2344 competebat,
847 2248 950 2321 veluti
964 2249 1169 2346 Augustinus
1180 2248 1276 2321 Oro

384 2396 410 2447 ις
425 2362 479 2436 sio
503 2361 658 2460 scripsit:
688 2364 808 2437 Homo
825 2365 934 2437 elutus
951 2363 1111 2461 superbia
1127 2363 1275 2436 suasioni

426 2477 595 2575 serpentis
615 2477 803 2551 oboediens
821 2496 1000 2576 praeceptu
1015 2478 1072 2553 dei
1093 2494 1276 2575 conterno

426 2595 488 2683 sit;
515 2592 600 2667 dixit
616 2594 706 2667 enirn
725 2593 937 2668 adversarius
960 2595 1059 2668 Evae:
1088 2593 1279 2692 Aperiantur

427 2711 515 2787 oculi
537 2710 631 2785 uestri
654 2719 686 2783 et
708 2710 793 2785 eritis
817 2709 901 2785 n'cu
923 2710 980 2802 dii,
1008 2710 1143 2784 scientes
1159 2711 1277 2784 bonum

426 2836 460 2902 ci
486 2827 616 2902 matun
658 2829 737 2902 Nec
770 2827 975 2901 credidisset
1008 2827 1138 2915 mulier,
1170 2842 1206 2898 ut
1230 2827 1278 2899 ait

382 2975 414 3011 ιο
426 2945 633 3044 Augustinus
649 2968 754 3042 super
770 2944 915 3032 Genesi,
932 2943 1080 3017 suasioni
1097 2941 1277 3032 daemonis,

474 3228 648 3292 <1)supl.CV.
682 3227 716 3290 (4)
727 3236 768 3277 set
784 3229 810 3276 V.
844 3227 1003 3291 (5Jdentonis
1010 3228 1064 3278 CV.
1089 3230 1121 3291 (7.
1130 3228 1155 3288 8)
1167 3228 1260 3277 ecclesi
1272 3244 1279 3277 :

429 3309 459 3367 C,
485 3309 620 3358 eeclesiam
649 3310 676 3356 V.
709 3307 745 3371 (9)
763 3316 906 3370 consequte
930 3308 956 3356 V.
997 3307 1047 3370 (ιο)
1070 3307 1197 3357 obediens
1222 3308 1276 3357 CV.

428 3388 477 3450 (ιι.
493 3387 531 3450 ις)
542 3388 641 3437 inhord.
650 3390 676 3436 V.
710 3386 761 3451 (η)
771 3387 894 3450 epetendi
906 3388 960 3438 CV.
995 3387 1276 3451 (14)oonrpetebuntC

429 3467 479 3527 (ις)
495 3467 612 3517 scribens
626 3469 661 3516 uit
683 3470 708 3516 V.
733 3469 824 3517 eltutus
841 3469 895 3518 CV.
930 3467 979 3531 (ιδ)
991 3467 1086 3517 domini
1107 3469 1134 3516 V.
1168 3467 1218 3531 (ιγ)
1234 3482 1280 3533 ep·

428 3548 562 3612 potientur
578 3549 608 3597 C.
642 3549 692 3611 (18)
707 3549 804 3598 siontes
825 3551 851 3599 V.
