2820 4680
834 567 889 631 raa

430 755 585 815 catorum
612 739 644 812 in
670 738 823 836 spiritum
848 755 1003 814 sanctum
1029 740 1179 832 accedit,
1201 742 1283 839 quis

430 855 598 953 suggessit
632 872 668 930 et
701 854 763 928 suit
792 879 899 930 causa
928 857 1065 955 peccati
1094 857 1193 948 Adae,
1212 883 1281 932 non

430 987 602 1081 econtra,
620 971 702 1045 item
719 971 811 1069 quia,
829 972 912 1047 licet
929 974 1036 1072 turpis
1048 974 1091 1048 sit
1103 975 1283 1050 excusatio

431 1085 532 1162 amici
557 1111 663 1162 causa
687 1112 849 1186 peccare,
868 1090 959 1162 nulla
984 1106 1097 1165 tamen
1120 1090 1282 1165 tolerabi-

389 1237 399 1288 ς
431 1202 506 1294 lior,
524 1228 593 1301 qua
609 1203 733 1279 ductus
750 1222 804 1279 est
820 1204 941 1278 Adam.

480 1325 579 1396 Irata.
612 1320 701 1393 Mihi
730 1336 856 1411 autem,
889 1338 1071 1419 postquam
1110 1345 1166 1394 me
1200 1346 1282 1419 pro·

431 1464 547 1530 vocas,
566 1442 669 1536 longe
686 1437 784 1511 aliter
808 1454 1000 1534 contraque
1025 1437 1176 1525 videtum
1204 1462 1281 1512 nam

433 1556 488 1630 ubi
515 1555 625 1629 minor
654 1577 773 1628 sensus
803 1553 983 1649 minorque
1009 1553 1213 1642 constantia,
1236 1553 1282 1626 ibi

432 1672 540 1745 minus
582 1686 784 1769 peccatum
827 1685 864 1742 et
906 1671 974 1742 hoc
1012 1670 1045 1741 in
1081 1671 1162 1759 Eva,
1196 1693 1282 1767 ergo

390 1812 419 1849 10
431 1788 540 1861 minus
565 1787 734 1886 peccavit.
758 1785 862 1860 Unde
880 1786 948 1861 hoc
965 1810 1187 1887 cognoscens
1210 1809 1283 1860 ser-

432 1927 518 2002 pens
547 1903 603 1976 ille
632 1901 776 1976 callidus
805 1901 933 1974 initium
952 1901 1150 1975 tentationis
1166 1925 1282 1998 sump-

430 2020 474 2093 sit
511 2043 531 2093 a
569 2017 705 2106 semina,
744 2016 903 2090 dubitans
932 2017 1072 2115 quidem
1108 2017 1282 2091 hominem

431 2152 574 2232 propter
614 2132 841 2208 constantiam
876 2157 944 2207 non
980 2157 1083 2230 posse
1116 2133 1280 2231 superari.

431 2248 680 2325 Sententiarum
706 2251 778 2321 ll.⁰:
799 2249 898 2321 Stans
922 2272 1041 2323 coram
1068 2248 1194 2323 semina
1219 2249 1283 2320 ho·

389 2389 414 2441 ¹5
430 2365 491 2439 stis
514 2364 674 2461 antiquus
699 2388 768 2438 non
793 2380 848 2437 est
876 2388 977 2438 ausus
1007 2363 1039 2437 in
1069 2365 1175 2439 verba
1205 2387 1283 2460 per-

430 2479 596 2555 suasionis
629 2503 865 2577 prorumpere,
899 2479 963 2554 sed
996 2480 1061 2553 sub
1094 2480 1282 2577 interroga-

431 2597 526 2671 tione
538 2620 615 2671 eam
628 2597 829 2693 alloquitur:
845 2595 1078 2694 Curproeaepr't
1089 2595 1178 2670 vobis
1187 2595 1279 2686 deus,

430 2737 472 2786 ne
487 2711 693 2787 comederetis
709 2711 751 2785 de
766 2710 851 2809 limo
870 2710 1044 2809 paradisi?
1069 2715 1114 2784 At
1131 2711 1205 2784 illa:
1227 2712 1283 2784 Ne

430 2827 524 2930 sorte
539 2828 718 2903 moriamur.
746 2827 876 2901 Videns
897 2844 1010 2901 autem
1029 2826 1187 2900 diabolus
1203 2849 1280 2900 eam

478 3157 513 3223 (a)
529 3158 655 3222 suggessit
676 3159 703 3206 V.
722 3157 805 3220 pecati
827 3158 853 3204 V.
885 3156 961 3206 Adde
974 3157 1027 3207 CV.
1061 3157 1094 3219 (ι.
1111 3156 1170 3217 ))Α.
1181 3163 1208 3204 et
1218 3168 1282 3205 vero

431 3246 553 3289 eoantrs
573 3239 600 3287 V.
642 3237 677 3300 (ς)
700 3236 872 3300 quinariae
906 3245 983 3298 turpe
1000 3236 1030 3286 (ἓ
1071 3237 1103 3299 (a
1115 3235 1137 3298 ς)
1154 3235 1283 3285 tollerabi-

432 3320 481 3369 lior
497 3319 550 3368 CV.
585 3317 619 3382 (ς)
636 3316 735 3367 Addam
745 3318 799 3367 CV.
826 3317 861 3379 (6)
871 3318 962 3366 lssotts
974 3318 1001 3376 v,
1021 3318 1099 3365 laotts
1116 3314 1284 3378 Nogurolsc

431 3398 457 3449 in
472 3411 545 3461 marg.
580 3398 727 3460 priusquam
739 3398 766 3446 V.
800 3396 835 3461 (7)
850 3395 1158 3458 eontmquodvideorv.
1177 3395 1282 3458 (so)co·

432 3491 543 3542 museus
563 3480 590 3528 V.
624 3478 674 3542 (rr)
699 3478 796 3528 calidus
824 3478 851 3525 V.
885 3476 1063 3540 tamptseiouis
1084 3477 1110 3524 V.
1145 3472 1195 3538 (ιδ)
1220 3475 1282 3524 inte

433 3573 487 3622 rog.
511 3560 537 3607 V.
572 3557 622 3622 (¹7)
638 3559 767 3620 aloquitur
779 3559 805 3606 V.
839 3556 889 3621 (¹9)
904 3565 990 3606 sutem
1007 3569 1062 3605 eam
1077 3556 1170 3618 dyssus
1191 3555 1217 3602 V.
