2820 4680
843 597 898 658 ¹9⁰

438 749 659 838 comedisset,
674 767 856 847 peccatum
872 751 958 824 ultra
978 771 1196 846 progressum
1220 771 1289 818 non

438 865 565 941 suisset
586 865 690 941 Unde
709 891 776 939 non
787 865 928 939 dicitur:
940 864 974 938 Si
985 865 1055 936 Eva
1065 887 1133 937 non
1143 885 1290 959 peccas·

437 998 501 1069 set,
520 981 677 1055 Christus
704 1006 771 1054 non
796 979 913 1054 suisset
931 979 1134 1066 incarnatus,
1152 975 1234 1051 sed:
1254 976 1289 1051 Si

437 1095 546 1170 Adam
566 1121 634 1170 non
654 1113 846 1193 peccasset
866 1093 970 1169 Unde
988 1092 1117 1179 mulier,
1135 1092 1291 1190 quamvis

412 1236 517 1296 scum
538 1237 596 1301 eo,
613 1211 659 1285 de
676 1235 748 1309 quo
766 1227 839 1284 erat
856 1209 1064 1296 transducta,
1083 1209 1115 1280 in
1143 1206 1289 1306 paradisi

438 1326 571 1401 deliciis
597 1343 796 1407 moraretur,
824 1325 934 1422 primo
960 1341 1072 1399 tamen
1096 1325 1196 1397 malae
1212 1347 1290 1397 sua·

438 1442 543 1516 sionis
561 1442 718 1515 insultum
737 1464 903 1539 perpessu
919 1457 990 1527 est;
1011 1439 1090 1511 nihil
1109 1463 1203 1526 vero,
1227 1438 1288 1512 nisi

438 1582 477 1631 se
495 1557 614 1654 ipsam,
631 1556 768 1654 generis
785 1555 1022 1653 posteritatem
1040 1553 1184 1629 lasdsset
1197 1552 1290 1650 prio·

439 1672 484 1746 ris
500 1673 608 1747 creati
626 1672 771 1745 hominis
788 1696 928 1745 assensu
947 1696 1015 1744 non
1033 1669 1197 1768 praestito.
1226 1668 1292 1767 lgi-

397 1822 427 1860 ιο
439 1804 492 1861 tur
518 1813 586 1861 non
614 1789 684 1861 Eva
713 1786 915 1884 posteritati,
946 1785 1009 1860 sed
1039 1784 1103 1858 sibi
1134 1783 1291 1881 periculo

439 1902 512 1991 suit,
531 1905 637 1977 homo
662 1920 775 1978 autem
793 1903 902 1976 Adam
920 1902 983 1975 sibi
1002 1918 1038 1975 et
1054 1917 1192 1974 cunctae
1211 1923 1291 1996 pro

440 2018 612 2116 pagationi
622 2019 780 2115 sequenti
791 2017 1012 2091 transducere
1028 2018 1195 2089 maculam
1210 2039 1291 2114 pro·

440 2134 575 2232 pinavit.
607 2134 757 2208 Proinde
782 2134 892 2207 Adam
919 2133 1092 2206 hominum
1123 2155 1291 2229 generan-

440 2249 560 2324 dorum
579 2267 700 2322 auctor
716 2250 867 2323 existens
883 2265 919 2322 et
938 2246 1138 2345 perditionis
1164 2246 1291 2343 primus

398 2399 424 2448 n
441 2364 502 2439 suit
534 2365 695 2451 occasio;
739 2366 964 2462 quamobrem
1008 2363 1100 2460 prius
1138 2363 1171 2434 in
1205 2362 1291 2447 viro,

440 2480 567 2554 deinde
594 2480 625 2552 in
653 2480 779 2554 femina
803 2480 940 2578 generis
966 2479 1101 2552 humani
1127 2496 1180 2552 est
1197 2479 1293 2551 cele-

441 2598 538 2671 brata
549 2596 693 2679 curatio,
704 2621 782 2669 curn
794 2613 872 2693 post
881 2594 1118 2691 expulsionem
1129 2592 1291 2667 immundi

328 2786 331 2791 .
440 2712 576 2811 spiritus
601 2736 623 2785 a
646 2713 719 2785 viro
745 2711 790 2785 de
816 2711 981 2809 sinagoga
1006 2734 1149 2807 surgens
1175 2732 1293 2805 persa·

441 2828 556 2902 nando
581 2828 729 2903 accessit
750 2827 794 2900 ad
813 2827 983 2900 seminam.
1012 2825 1122 2925 Quod
1139 2842 1294 2898 autema

397 2943 530 3018 roiusto
565 2944 678 3018 iudice
704 2942 830 3017 duriori
857 2965 965 3040 poena
990 2939 1151 3015 damnata
1180 2938 1291 3026 suerit,

489 3225 524 3289 (a)
540 3239 569 3288 sy
585 3226 611 3273 V.
646 3226 730 3288 (ψει
743 3228 769 3275 V.
804 3225 837 3288 (4)
854 3225 945 3275 addam
960 3226 986 3272 V.
1021 3224 1055 3287 (6)
1073 3232 1124 3273 tum
1142 3226 1168 3272 V.
1202 3223 1292 3286 (8)ρο-

441 3307 568 3357 teritatem
589 3307 615 3354 V.
649 3306 683 3369 (9)
702 3320 795 3355 asensu
820 3307 846 3353 V.
894 3304 944 3367 (rr)
961 3304 1053 3354 addam
1080 3305 1106 3352 V.
1140 3311 1234 3354 conete
1264 3305 1291 3351 V.

442 3384 492 3448 (n)
503 3385 654 3435 traducere
672 3386 699 3433 V.
733 3385 889 3447 (13)addam
911 3383 990 3446 Παῖς
999 3383 1105 3448 semper).
1134 3382 1245 3433 omnium
1261 3383 1291 3432 C.

442 3465 491 3528 (17.
504 3466 542 3528 ιθ)
549 3479 607 3516 cum
614 3465 686 3528 prius
702 3479 760 3528 exp.
779 3467 844 3514 imm.
863 3478 925 3527 spes
939 3478 1004 3513 auro
1020 3462 1054 3512 de
1076 3465 1102 3511 V.
1137 3463 1185 3525 (18.
1199 3461 1295 3524 19)pro

442 3544 556 3595 “nando
573 3545 602 3595 G
637 3545 688 3608 (ao)
704 3546 781 3595 suerit
797 3544 914 3594 damnata
930 3544 960 3594 (ἰ
