2820 4680
659 564 709 638 ¹³5

254 721 419 799 ditionem
447 742 639 824 temporum
666 743 871 818 nostrorum,
894 725 1017 824 quibus
1035 749 1105 803 rnu-

255 839 412 914 nisestum
427 858 491 932 est,
506 865 574 914 non
588 843 697 915 solum
717 857 876 939 tanquam
895 840 1046 940 quodam
1073 843 1105 916 in

255 957 348 1031 luctu
366 980 408 1030 ac
425 958 586 1053 squalore
605 956 755 1031 tabuisse
773 975 878 1054 atque
890 958 1031 1034 omnino
1046 983 1106 1033 ne·

253 1072 467 1171 gligentiaac
476 1071 704 1147 desuetudine
719 1072 866 1170 quadam
875 1075 1104 1150 oblitteratam

253 1212 331 1262 esse
356 1189 600 1286 eloquentiam,
626 1213 743 1263 verum
769 1190 870 1264 etiam
890 1190 1105 1265 Latinitatem
1138 1225 1147 1272 s

255 1303 361 1402 ipsam
389 1321 454 1378 tam
482 1304 622 1379 remisse
648 1321 685 1377 et
701 1305 861 1403 languide
887 1330 908 1380 a
932 1306 1106 1382 sexcentis

255 1418 319 1494 ianr
345 1421 440 1494 annis
456 1445 495 1495 se
513 1420 671 1495 habuisse
689 1420 903 1519 ignoratione
919 1439 957 1496 et
975 1423 1106 1499 inscitia

254 1538 457 1611 Graecarum
484 1536 679 1626 litterarum,
707 1553 744 1609 ut
768 1537 904 1635 penitus
920 1539 1105 1613 extinctam

255 1651 420 1726 iuniorum
443 1652 604 1727 industria
621 1677 699 1726 cum
718 1678 849 1728 summa
865 1679 985 1728 eorum
1004 1654 1106 1729 laude

254 1785 291 1842 et
313 1768 423 1867 gloria
443 1768 581 1843 tandem
609 1769 799 1845 faventibus
824 1770 921 1846 astris
942 1770 975 1844 in
992 1772 1105 1845 lucem
1124 1802 1152 1837 ιο

254 1885 434 1975 revocarit,
449 1884 528 1958 hinc
541 1902 595 1958 est
608 1883 705 1982 quod
719 1884 871 1960 fortassis
889 1886 1008 1960 mirum
1026 1885 1107 1959 mihi

254 1999 442 2089 videbatur,
469 2024 548 2074 cum
573 2024 637 2098 per
663 2016 715 2074 tot
740 2024 904 2076 annorum
939 2001 1108 2076 curricula

254 2117 307 2189 vel
350 2116 444 2189 circa
482 2115 613 2189 illorum
657 2116 787 2208 studia,
831 2117 890 2214 qui
930 2117 1106 2216 gramatici

255 2248 430 2320 vocantur,
445 2233 499 2305 vel
518 2231 738 2306 rhethoricen
755 2234 810 2306 vel
827 2233 1034 2308 dialecticen
1052 2235 1106 2307 vel

253 2347 490 2446 geometricen
517 2350 571 2422 vel
597 2347 751 2423 musicen
782 2351 836 2423 vel
862 2349 895 2423 in
921 2349 1107 2447 astrologia
1125 2381 1149 2428 rs

255 2465 308 2537 vel
331 2463 549 2562 philosophia
574 2467 628 2538 vel
654 2464 832 2563 theologia
856 2467 911 2540 vel
929 2465 1001 2539 iure
1019 2490 1106 2563 pon·

255 2579 362 2655 tificio
387 2598 491 2679 atque
517 2579 606 2654 civili
633 2598 691 2655 aut
708 2578 859 2678 denique
878 2581 910 2655 in
928 2606 1106 2680 exponen·

255 2695 308 2770 dis
326 2697 425 2771 bonis
441 2696 638 2771 auctoribus
656 2714 718 2787 tot,
737 2697 795 2794 qui
812 2698 915 2796 vulgo
942 2696 1002 2770 viri
1020 2695 1106 2770 doc·

255 2811 370 2886 tissimi
385 2829 420 2887 et
434 2811 530 2909 quasi
545 2811 706 2910 quaedam
720 2837 789 2885 non
803 2814 909 2911 parva
921 2812 1105 2885 litterarum

255 2927 381 3001 lumina
406 2926 510 3002 habiti
528 2945 616 3018 sunt,
635 2952 705 3001 non
722 2926 804 3001 dico
822 2928 867 3000 ab
884 2925 1055 3025 elegantia
1071 2942 1108 2999 et
1121 2960 1152 2994 ιο

256 3040 431 3141 dignitate,
456 3042 519 3117 sed
544 3042 756 3141 proprietate
782 3044 953 3116 Romanae
970 3040 1106 3138 linguae,

257 3176 294 3233 ut
318 3158 351 3233 in
376 3184 496 3233 eorum
513 3158 648 3257 scriptis
673 3157 765 3231 libris
794 3156 989 3256 conspicari
1013 3155 1106 3248 licet,

256 3275 538 3376 praetermodum
556 3273 803 3365 abhorruerint,
821 3273 997 3349 foeminam
1023 3297 1106 3347 vero

303 3543 338 3604 (⁴)
354 3541 517 3591 obliteratum
529 3540 555 3590 ε
