2820 4680
531 869 605 940 LX.

441 1124 553 1187 (Brixiae,
571 1137 594 1173 ι.
615 1124 695 1188 1455.)

301 1344 368 1393 flata
385 1344 460 1394 dolori
474 1346 497 1394 ct
509 1343 606 1409 querelis
622 1344 776 1408 imponendus
792 1346 833 1394 ert.

203 1559 385 1633 ladovicus
402 1562 604 1633 Fuscarenus
620 1561 719 1632 lsotoe
735 1559 923 1658 Nogarolae.

176 1867 244 1965 “j
320 1891 503 1957 eannannr,
530 1866 626 1964 quod
659 1869 763 1965 vulgo
792 1866 861 1941 dici
890 1869 991 1961 solet,
1024 1911 1034 1962 ς

151 1983 155 2001 “
219 2037 241 2076 ff
275 2007 306 2048 ,ι
341 1982 482 2057 dolores
506 2006 628 2056 omnes
654 1998 810 2081 tempore
837 1983 939 2057 minui
956 2001 992 2058 et

145 2120 217 2187 ,τῖ
257 2069 307 2193 'i
342 2098 480 2187 molliri3
525 2097 605 2172 ideo
640 2099 729 2172 hanc
762 2101 990 2197 expectabam

139 2215 343 2290 medicinam
369 2229 552 2311 antequam
580 2228 695 2286 tecum
721 2215 892 2310 loquerer.
920 2214 990 2289 Sed

138 2354 216 2404 cum
234 2330 369 2428 saepius,
397 2346 434 2403 ut
449 2331 559 2418 soleo,
587 2344 660 2403 tuas
677 2330 804 2403 litteras
822 2331 913 2428 leg0,
931 2355 990 2404 au·

137 2445 249 2543 gescit
268 2444 438 2544 aegritudo
452 2461 568 2519 nostra
588 2461 625 2519 et
645 2461 776 2542 quanto
793 2444 1036 2544 diutiuspa·10

138 2560 205 2634 tior
237 2577 333 2634 tanto
366 2561 472 2659 magis
506 2585 634 2635 maereo
660 2577 696 2634 et
720 2559 879 2650 admiror,
910 2586 990 2659 quae

139 2675 219 2748 mihi
236 2677 471 2775 experimenta
488 2675 686 2774 inprecaris,
712 2700 816 2773 quem
835 2676 989 2749 laborum

139 2790 241 2865 finem
259 2809 371 2890 optes,
399 2816 488 2889 quos
505 2793 626 2881 luctus,
652 2814 739 2888 quas
755 2789 911 2864 lacrimas
929 2790 989 2863 tibi

139 2905 324 2997 iniecerim,
359 2932 440 3004 quae
465 2922 623 3005 peccata,
657 2930 738 3003 quae
767 2907 902 2979 scelera
930 2905 990 2978 tibi

138 3023 372 3120 opposuerim,
398 3047 470 3119 quo
497 3022 568 3095 iure
585 3046 606 3095 a
623 3020 723 3095 nobis
748 3020 909 3095 abdicata
933 3021 987 3095 sis.
1007 3066 1032 3115 ις

141 3137 224 3209 Dixi
241 3137 418 3236 scripsisse
436 3137 574 3227 litteras
601 3136 776 3210 Clementi
794 3135 990 3210 Tedaldino

138 3250 287 3326 dedisse.
302 3257 355 3327 An
374 3255 443 3327 hoc
453 3253 572 3327 falsum
586 3256 730 3327 censes?
744 3252 824 3326 Tibi
838 3250 990 3326 redditas

187 3439 298 3503 Nam.
332 3437 364 3501 (9.
386 3439 424 3501 ιο)
439 3439 563 3502 anglescit
580 3438 610 3488 G
644 3438 694 3501 (η)
711 3438 827 3488 lutuse
862 3437 912 3501 (¹⁴)
929 3437 990 3486 luic-

137 3518 217 3567 carim
234 3517 264 3568 G
