2820 4680
818 556 878 628 43⁶

424 727 479 800 tiis
505 726 716 824 significasti,
744 744 852 799 utrum
889 728 1040 815 Graecos
1067 723 1211 799 codices
1237 748 1281 798 ac

423 843 597 916 vasculum
624 857 837 939 argenteum,
869 839 964 940 quod
991 840 1147 939 proxime
1173 839 1218 913 ad
1244 856 1282 913 te

424 957 509 1046 misi,
528 956 697 1030 habueris.
722 956 757 1030 Si
785 982 840 1029 me
865 980 970 1047 amas,
997 955 1176 1044 rescribas,
1202 979 1281 1045 oro,

423 1097 501 1146 cum
521 1072 665 1170 primum
684 1071 891 1160 decreveris,
910 1087 946 1144 ut
963 1069 1008 1144 ad
1026 1087 1062 1144 te
1080 1070 1208 1144 mittam
1222 1095 1282 1143 su-

396 1213 406 1268 t
424 1187 557 1262 datoria
579 1188 662 1262 mira
678 1204 753 1262 arte
766 1188 952 1277 elaborata,
971 1212 1051 1285 quae
1065 1203 1101 1260 ut
1113 1188 1282 1286 pleraque

423 1303 489 1378 alia
515 1319 572 1378 tua
600 1305 664 1377 sub
689 1303 821 1402 optima
846 1301 1005 1378 custodia
1029 1304 1153 1379 habeo.
1180 1305 1282 1377 Aveo

423 1417 514 1492 enim
533 1444 576 1492 ex
595 1434 631 1491 te
648 1418 748 1509 scire,
762 1443 805 1491 an
818 1418 972 1517 Kyriaco
990 1443 1130 1492 crucem
1140 1443 1281 1492 auream

422 1533 568 1631 gemmis
596 1557 639 1606 ac
670 1533 858 1631 margaritis
891 1551 1044 1608 ornatam
1075 1532 1280 1608 reddideris.

426 1649 555 1746 Neque
572 1648 672 1721 velim
692 1648 752 1721 tibi
776 1648 985 1746 persuadeas
1011 1674 1066 1722 me
1085 1649 1191 1747 magis
1216 1650 1281 1723 ad·

381 1795 411 1831 10
424 1763 563 1837 ductam
579 1764 722 1837 utilitate
736 1780 794 1837 aut
803 1756 1038 1839 emolumento
1047 1764 1164 1862 aliquo
1174 1789 1278 1863 quam

425 1879 597 1978 probitate
624 1882 877 1978 honestateque
895 1879 929 1953 id
947 1898 1000 1953 est
1018 1880 1107 1954 lama
1131 1878 1280 1953 admira-

425 1995 482 2068 bili
494 1993 741 2068 incredibilium
756 1995 912 2068 virtutum
923 2013 1052 2069 tuarum
1067 1994 1111 2068 ad
1125 2013 1159 2068 te
1174 2022 1277 2068 unum

423 2111 570 2185 animum
597 2110 744 2184 flexisse.
775 2111 904 2210 Neque
929 2110 1019 2184 enim
1046 2111 1190 2184 arbitror
1215 2111 1278 2185 tibi

425 2225 590 2298 memoria
606 2225 810 2316 excessisse,
828 2225 874 2299 de
893 2226 1099 2300 munusculis
1117 2227 1179 2300 illis
1188 2254 1279 2326 quo—

381 2373 406 2425 ις
423 2340 512 2413 tiens
525 2339 644 2438 paucis
657 2340 783 2413 abhinc
797 2340 920 2415 diebus
937 2367 1054 2415 coram
1072 2368 1111 2416 es
1129 2344 1278 2434 locutuS,

424 2480 480 2528 me
514 2455 696 2529 confestim
731 2456 847 2530 omnia
880 2456 1091 2554 repudiasse,
1125 2483 1203 2532 cum
1240 2477 1276 2532 tu

424 2571 570 2645 maxime
589 2571 741 2645 instares.
762 2572 912 2662 Omitto,
927 2572 1022 2671 quod
1037 2576 1125 2647 ultro
1141 2574 1276 2672 signum

424 2685 505 2760 illud
524 2686 787 2784 pulcherrimum
805 2705 910 2787 atque
936 2689 1203 2788 antiquissimum
1230 2716 1276 2764 ex

423 2803 576 2877 conflato
584 2827 654 2875 aere
665 2819 699 2875 te
709 2802 789 2875 mihi
804 2801 899 2877 dono
908 2803 1063 2878 daturum
1073 2807 1276 2880 asseverasti

379 2954 409 2989 ιο
422 2929 458 2990 et
475 2942 553 2991 cum
571 2919 620 2991 ob
637 2920 726 2991 hanc
743 2942 880 2992 causam
899 2945 1001 3017 quam
1018 2920 1208 3019 saepissime
1230 2922 1275 2996 ad

423 3058 478 3105 me
496 3032 624 3106 litteras
641 3032 790 3124 dederis,
810 3060 979 3133 nunquam
1001 3053 1036 3109 ut
1061 3036 1148 3110 nosti
1175 3037 1275 3135 quic-

422 3173 524 3245 quam
547 3149 715 3247 rescripsi.
748 3153 987 3250 Quamobrem
1019 3152 1275 3249 indignabunda

421 3262 530 3336 libere
547 3279 652 3363 atque
669 3263 817 3363 ingenue
835 3264 966 3340 dicam:
996 3269 1093 3341 Nolo
1105 3270 1166 3341 abs
1184 3284 1219 3341 te
1238 3268 1272 3341 id

465 3526 500 3591 (5)
517 3529 649 3590 pleraque
666 3529 691 3577 ἃ
726 3527 774 3593 (ιθ.
789 3528 827 3593 19)
844 3529 1020 3580 excolatocs
