2820 4680
826 544 879 613 ¹52

423 697 1273 797 exultavit‚utGigasadcurrendamviamasummo

423 817 515 889 caelo
526 814 681 912 egressio
693 814 784 904 eius;
800 839 867 889 nec
880 833 934 889 est
950 815 1009 913 qui
1026 840 1065 889 se
1082 814 1274 890 abscondat

423 932 586 1005 acuore
615 930 699 1019 eius,
730 954 808 1004 cum
838 948 1031 1029 conspectu
1062 947 1121 1005 tuo
1152 930 1274 1028 sugatis

423 1045 592 1135 tenebris,
627 1062 699 1120 atra
736 1045 890 1120 discussa
922 1046 1068 1144 caligine
1102 1047 1198 1145 pacis
1231 1070 1273 1120 ac

398 1161 671 1259 5tranquillitatis
695 1159 809 1236 radios
834 1161 1036 1236 hauriemus.
1068 1164 1151 1237 Hoc
1169 1163 1273 1237 maxi-

424 1303 516 1352 mum
530 1277 595 1352 erit
606 1275 821 1365 sacrificium,
835 1275 967 1374 quoda
984 1293 1019 1352 te
1036 1303 1169 1352 summo
1186 1304 1274 1377 pon·

423 1392 517 1469 tiflce
542 1391 612 1468 deo
633 1409 753 1467 nostro
769 1391 882 1468 offerri
901 1393 1044 1490 poteritl
1067 1394 1176 1469 Dabit
1192 1411 1273 1469 tunc

422 1508 644 1608 omnipotens
669 1507 766 1598 deus,
794 1524 830 1581 ut
855 1532 980 1607 magno
997 1534 1075 1583 cum
1092 1509 1220 1607 gaudio
1238 1528 1273 1584 et

424 1625 557 1699 honore
582 1623 810 1722 integritatem
837 1622 917 1698 fidei
930 1624 1131 1722 amplifices,
1149 1650 1272 1723 pacem

381 1780 412 1816 ιο
422 1755 460 1813 et
501 1739 654 1838 quietem
688 1762 893 1828 conserves;
935 1756 1059 1838 gentes
1092 1739 1273 1816 indomitas

423 1856 643 1954 populosque
686 1855 824 1929 seroces
865 1853 1060 1930 contundes
1106 1857 1272 1953 legesque

423 1971 501 2046 viris
534 1987 571 2046 et
605 1970 734 2045 moenia
768 1995 889 2069 pones,
921 1996 1053 2045 memor
1081 1973 1271 2045 Abachuch

423 2086 598 2161 canentis:
626 2087 661 2159 ln
689 2085 822 2160 fremitu
841 2086 1065 2161 conculcabis
1087 2102 1221 2179 terram,
1241 2088 1273 2159 in

425 2200 538 2275 lurore
564 2201 822 2299 obstupefacies
846 2218 978 2298 gentes.
1003 2204 1167 2300 Egressus
1185 2227 1224 2276 es
1241 2203 1274 2276 in

382 2357 407 2409 ις
423 2317 566 2390 salutem
593 2316 711 2415 populi
738 2316 797 2406 tui,
823 2316 856 2389 in
874 2318 1017 2392 salutem
1035 2341 1113 2392 cum
1132 2319 1274 2393 Christo

424 2447 496 2521 tuo,
522 2431 696 2529 percuties
721 2447 826 2530 caput
847 2430 893 2506 de
910 2430 1018 2507 domo
1034 2432 1139 2532 impii,
1165 2432 1274 2508 denu-

424 2545 523 2621 dabis
540 2545 796 2622 fundamentum
814 2547 1011 2645 elususque
1027 2546 1223 2622 adcollum.

466 2740 546 2802 Haec
558 2740 610 2802 tibi
624 2751 711 2802 erunt
724 2751 810 2814 artes,
829 2741 910 2822 pacis
923 2741 1076 2822 imponere
1091 2760 1196 2816 mores,

467 2838 594 2900 Paroere
608 2836 747 2901 subiectis
761 2849 791 2899 et
804 2836 952 2900 debellare
967 2838 1121 2920 superbos.

381 3069 412 3104 20
426 3019 487 3091 De
500 3033 535 3092 te
549 3033 631 3094 tunc
649 3019 771 3092 merito
788 3043 809 3092 a
825 3019 1003 3118 prophetis
1020 3018 1272 3116 pronuntiatum

424 3132 539 3231 figuris
563 3149 601 3207 et
629 3133 865 3233 enygmatibus
898 3135 1149 3232 praeflguratum
1184 3132 1273 3207 affir-

425 3249 574 3322 mabunt.
590 3248 723 3322 Subibit
733 3274 859 3324 nomen
872 3247 1103 3346 virgilianum,
1118 3249 1186 3320 hoc
1200 3265 1270 3321 est:

468 3510 516 3572 (ro.
535 3510 573 3573 17)
589 3509 733 3560 deundabls
749 3511 773 3560 C
786 3513 842 3561 ante
851 3523 907 3561 corr.
