2820 4680
835 500 870 571 54

425 686 489 737 nos
498 660 678 752 doctrinae,
688 660 882 759 probitatis.
894 717 922 733 ..
939 684 1070 734 morum
1084 656 1276 747 contentio,

425 778 550 875 quibus
559 776 817 851 honestissimus
826 800 923 850 amor
932 775 1044 873 coepit
1053 773 1277 872 excrevitque

425 895 516 968 nulla
526 892 675 966 utilitatis
683 917 758 991 spe,
769 890 1276 990 nullavoluptatiscogitatione,

424 1007 488 1084 sed
505 1008 634 1082 virtutis
659 1006 843 1105 opinione;
875 1008 907 1080 in
933 1007 985 1082 his
1010 1006 1185 1081 vincamus
1210 1029 1277 1079 nec

399 1124 575 1223 ssuperari
602 1123 778 1221 patiantur.
807 1125 849 1196 Et
882 1123 909 1197 si
941 1148 996 1197 me
1013 1121 1276 1198 amantissimum

424 1241 532 1314 habes
553 1255 590 1313 et
615 1238 661 1312 ita
676 1263 798 1313 omnes
814 1238 1008 1313 existimant
1024 1255 1060 1312 et
1081 1239 1127 1312 ita
1151 1237 1277 1335 saepius

423 1371 568 1454 experta
593 1379 631 1429 es
656 1371 693 1432 et
714 1354 760 1428 ita
785 1371 819 1428 te
845 1371 1036 1430 assecutam
1064 1353 1166 1429 fuisse
1191 1378 1277 1428 eon·

425 1469 539 1560 fiteris,
558 1468 641 1567 quid
666 1486 731 1560 est,
754 1469 849 1567 quod
875 1494 981 1568 negas
1007 1469 1187 1568 epistolam
1215 1494 1277 1542 no-

423 1603 526 1660 stram
546 1584 713 1659 redditam
730 1589 832 1659 esse?
851 1585 949 1687 Quid
962 1602 1025 1676 est,
1040 1586 1136 1683 quod
1153 1584 1277 1659 doles?

382 1737 411 1773 to
425 1700 523 1803 Quid
540 1719 604 1792 est,
623 1700 719 1798 quod
742 1726 797 1775 rne
821 1701 946 1776 totiens
971 1700 1112 1776 lacessis
1136 1717 1172 1775 et
1197 1725 1276 1774 curn

424 1816 571 1914 quadarn
586 1815 739 1891 irrisione
757 1819 912 1891 laceras?
930 1819 1006 1916 Ego
1023 1817 1069 1890 de
1087 1834 1122 1890 te
1139 1840 1278 1914 semper

422 1931 683 2030 praeclarissime
697 1931 824 2021 iudico,
835 1932 881 2006 de
890 1932 955 2006 tuis
968 1932 1138 2006 humiiiter
1149 1931 1277 2006 sentire

424 2072 491 2121 non
510 2071 662 2144 possum,
680 2071 723 2121 ea
741 2047 809 2121 fide
826 2064 931 2145 atque
949 2047 1142 2147 integritate
1159 2047 1277 2121 amici·

421 2163 502 2238 tiam
524 2165 617 2254 eolo,
644 2179 681 2236 ut
705 2179 763 2236 tua
779 2163 895 2237 ornnia
912 2163 1024 2261 magni
1042 2162 1178 2254 saciant,
1196 2163 1277 2235 nihil

380 2313 405 2364 ις
423 2303 570 2376 unquam
597 2303 618 2353 a
642 2295 677 2352 te
698 2279 884 2353 alienuma
909 2279 1068 2354 doctrina
1083 2279 1276 2375 virtuteque

423 2394 497 2468 sore
507 2393 727 2469 iudicavinec
736 2395 809 2469 aliis
818 2394 974 2469 indicavi.
985 2397 1124 2469 Nullum
1134 2394 1276 2469 omnino

422 2510 563 2583 verbum
581 2534 626 2583 ex
644 2509 741 2584 labiis
753 2510 876 2584 nostris
889 2510 1051 2601 excessit,
1065 2510 1160 2608 quod
1177 2508 1222 2585 ad
1240 2527 1275 2584 te

422 2649 491 2699 non
510 2623 695 2699 iocundum
713 2641 750 2699 et
766 2624 811 2699 ad
828 2625 913 2700 alios
935 2625 981 2700 de
999 2643 1034 2699 te
1047 2650 1116 2699 non
1136 2625 1275 2700 honori·

422 2740 677 2815 ficentissimunt
695 2741 891 2816 accederet.
913 2743 1042 2843 Quare
1055 2740 1146 2815 aliud
1160 2741 1206 2815 de
1219 2766 1275 2815 me

379 2889 409 2924 ιο
421 2856 603 2954 praedicas,
621 2881 724 2954 quern
743 2882 846 2932 nento
863 2857 965 2932 etianr
984 2857 1092 2931 hostis
1117 2859 1186 2931 hoc
1204 2881 1274 2931 non

421 2989 696 3069 arrogantem...
713 2973 811 3047 velirn
822 2973 955 3047 mentiri
965 2973 1101 3048 audivit.
1115 2971 1274 3063 Divitiae,

422 3087 605 3184 potentias,
628 3085 811 3186 dignitates
835 3104 872 3162 et
888 3104 1007 3163 cetera
1028 3087 1175 3162 sortunae
1201 3113 1275 3161 ntu-

468 3305 503 3369 (ι)
519 3307 589 3368 cepit
606 3307 636 3358 0
670 3307 706 3371 (³)
723 3308 838 3358 utillitate
856 3307 886 3358 C.
920 3307 1132 3372 (rojlaeescisc
1172 3308 1275 3372 (ronu-

421 3385 564 3514 &xmae
573 3399 597 3434 a.
623 3386 733 3436 iudicavi
761 3386 791 3437 0
825 3386 875 3450 (τι)
896 3387 985 3436 auduit
1002 3387 1032 3438 C.
1066 3388 1117 3450 (aa)
1133 3388 1170 3448 et]
1192 3387 1272 3438 ex-C.
