2820 4680
702 590 757 658 33²

300 748 479 836 sonabant,
502 748 601 822 lieret
626 748 825 847 peregrinus
838 764 943 847 atque
956 747 1154 846 discipulus,

300 866 430 937 malens
455 862 567 938 aliena
590 862 787 938 verecunde
813 862 949 937 discere
974 887 1077 962 quam
1094 888 1157 938 sua

300 978 518 1077 impudenter
534 979 700 1077 ignorare.
730 977 897 1076 Denique
922 1001 1000 1053 cum
1026 978 1157 1053 litteras

300 1094 396 1191 quasi
432 1111 508 1168 toto
541 1096 627 1169 orbe
661 1111 938 1192 persequeretur,
975 1111 1097 1191 captus
1135 1119 1157 1168 a

273 1211 424 1310 spyratis
458 1228 494 1285 et
527 1209 749 1300 venundatus,
780 1210 883 1284 etiam
910 1227 1052 1310 tyranno
1078 1233 1156 1284 cru-

298 1324 474 1401 delissimo
500 1327 611 1425 paruit
636 1327 801 1425 captivus,
819 1326 952 1401 vinctus
973 1343 1010 1400 et
1026 1351 1153 1400 servus.

300 1443 451 1516 Necnon
476 1459 513 1517 et
538 1444 643 1531 Cato,
664 1442 793 1516 Portiae
811 1441 949 1516 samiliae
979 1442 1154 1540 princeps,

299 1557 436 1631 Latinas
469 1557 598 1631 litteras
633 1581 742 1655 prope
772 1582 891 1647 senex,
910 1559 1059 1632 Graecas
1088 1557 1155 1631 iam

297 1687 401 1747 aetate
435 1689 601 1771 provecta
634 1672 756 1747 didicit
790 1697 857 1747 nee
887 1672 1038 1747 credidit
1076 1697 1156 1747 esse

256 1819 286 1856 lo
299 1803 398 1886 turpe
431 1789 504 1863 seni
539 1788 686 1880 discere,
718 1788 813 1887 quod
848 1790 1027 1887 pulchrum
1061 1806 1156 1864 esset

299 1903 428 1978 homini
453 1905 552 1978 scire.
572 1906 680 1979 Solon
698 1922 867 2002 praeterea
883 1902 1003 1978 dicere
1020 1903 1156 1979 solebat

298 2043 338 2094 se
355 2018 486 2093 cotidie
511 2019 702 2094 discentem
724 2018 852 2117 aliquid
878 2043 1075 2109 senescere,
1094 2019 1154 2117 qui

299 2134 435 2208 discere
461 2160 530 2208 non
552 2151 671 2232 posset
696 2134 758 2209 nisi
784 2158 862 2208 cum
881 2134 1021 2224 viveret,
1039 2134 1155 2208 vivere

300 2251 407 2325 noluit
427 2249 490 2324 nisi
507 2274 586 2324 cum
600 2249 760 2324 disceret.
777 2251 868 2324 Nam
881 2266 917 2324 et
941 2251 1155 2324 Ptolomaeus

256 2396 282 2449 ις
300 2365 460 2463 princeps
481 2363 539 2439 die
552 2363 692 2463 quidem
706 2381 764 2438 aut
773 2364 1000 2439 exercebatur
1009 2364 1042 2437 in
1051 2364 1153 2439 armis

299 2498 357 2555 aut
382 2479 427 2553 de
444 2479 655 2554 subditorum
675 2479 823 2577 negotiis
844 2480 894 2554 ius
920 2478 1073 2554 dicendo
1090 2478 1154 2555 de-

299 2599 474 2687 cernebat,
493 2614 598 2671 nocte
622 2621 706 2670 vero
731 2595 824 2670 libris
840 2594 884 2670 ad
910 2599 1083 2670 lucernam
1102 2595 1153 2668 in-

299 2714 494 2787 cumbebat.
506 2715 642 2814 Quaex
651 2736 688 2786 re
697 2736 777 2809 quae
786 2711 962 2786 nobisvita
972 2710 1154 2786 iocundior

298 2853 376 2903 esse
397 2845 523 2926 potest,
542 2853 644 2926 quam
667 2852 804 2924 semper
825 2852 887 2925 per
902 2827 1152 2902 excellentissi-

254 2977 286 3013 ιο
299 2968 429 3018 morum
448 2945 611 3018 maiorum
630 2943 773 3041 vestigia
789 2942 974 3017 decurrere
1003 2959 1061 3017 aut
1078 2968 1151 3017 me-

299 3059 438 3134 moriam
474 3060 580 3134 nostri
606 3085 707 3158 quam
735 3059 881 3134 maxime
909 3060 1046 3158 longam
1076 3059 1152 3133 elli·

298 3200 391 3266 cere,
410 3200 487 3250 cum
506 3176 607 3250 etiam
631 3175 816 3250 Ciceronis
835 3175 1006 3251 sententia
1017 3174 1071 3265 sit,
1086 3199 1152 3273 po-

298 3291 458 3367 steritatis
491 3316 595 3366 causa
620 3292 748 3366 litteras
773 3316 851 3366 esse
877 3309 1041 3390 repertas,
1068 3316 1151 3389 quae

345 3552 379 3618 (9)
397 3567 447 3602 non
464 3567 500 3602 cr·
520 3553 550 3602 G
584 3551 635 3617 (ιό)
645 3553 773 3604 discendo
789 3554 818 3603 e
852 3552 901 3617 (ao
920 3560 960 3617 at)
976 3553 1100 3603 memoria
1116 3553 1149 3604 C.
