2820 4680
831 599 887 684 ³58

429 769 562 831 accubat
575 767 755 850 alternisque
770 770 864 832 nitent
877 770 1084 854 splendoribus
1094 770 1196 832 ambul

375 907 378 912 -
432 867 464 928 Ο
479 867 502 927 si
517 866 638 947 quando
652 866 702 927 tibi
717 867 805 930 detur
818 867 923 929 vidisse
937 880 1086 944 canentes,

434 965 493 1024 His
508 963 595 1025 cedat
608 981 800 1046 quaecunque
819 965 917 1048 puella
930 965 1041 1027 decore
1056 964 1180 1039 iubebis,

431 1062 574 1124 Carmine
588 1073 618 1123 et
633 1063 677 1123 his
691 1063 787 1124 omnis
800 1062 895 1137 cedat,
914 1064 965 1144 qui
979 1064 1109 1124 carmina
1120 1073 1228 1124 cantat.

372 1179 418 1231 15⁰
433 1161 494 1220 Hae
518 1171 627 1221 norunt
661 1160 802 1241 quicquid
826 1161 977 1241 quondam
999 1161 1055 1223 sub
1069 1161 1219 1222 montibus
1233 1160 1290 1222 illis

431 1259 565 1321 Cantasti
582 1259 735 1332 Melibaee,
753 1260 849 1339 gregis
863 1259 935 1340 quid
948 1260 1042 1321 Titine
1056 1271 1155 1321 custos

430 1357 574 1431 Cantasti,
593 1356 735 1437 quicquid
750 1357 894 1430 Coridon,
913 1357 984 1418 dum
999 1358 1092 1419 servet
1104 1357 1227 1432 Alexim,

430 1454 585 1535 Quicquid
610 1456 762 1529 Dametas,
790 1455 931 1535 quioquid
954 1456 1090 1516 cecinere
1116 1455 1283 1530 Menalcas,

430 1553 524 1634 Quod
542 1554 679 1634 Mopsus,
691 1554 803 1627 Tirsus,
817 1553 898 1634 quod
915 1553 1035 1614 Damon
1050 1566 1080 1614 et
1090 1553 1289 1634 Alphesibeus

372 1667 413 1722 ut
430 1651 584 1732 Quodque
601 1652 695 1711 Moeri
705 1661 735 1711 et
747 1650 1159 1725 Licidadumvosviaducitin
1168 1650 1284 1712 urbem.

433 1751 583 1810 Praeterea
596 1749 619 1810 si
634 1749 685 1829 qui
698 1749 872 1810 cecinerunt
886 1749 995 1830 praelia,
1015 1759 1130 1822 norunt,

430 1847 460 1908 Si
479 1849 545 1928 quis
559 1859 590 1908 et
603 1847 736 1928 agricolis
750 1846 904 1928 descripsit
916 1848 1046 1908 carmine
1061 1847 1150 1926 leges,

431 1946 494 2026 Qui
509 1956 579 2020 sata,
598 1945 649 2026 qui
664 1963 756 2027 pecus
770 1956 801 2006 et
813 1946 885 2006 vites
898 1958 928 2006 et
943 1964 1052 2027 pascua
1073 1956 1186 2007 curent.

430 2044 527 2123 Atque
551 2043 618 2104 haec
639 2042 710 2104 dum
736 2043 824 2103 nimia
837 2041 994 2105 dulcedine
1008 2044 1137 2105 carmina
1150 2053 1282 2116 cantant,

373 2150 418 2197 roo
434 2141 535 2200 Maius
554 2140 583 2199 in
598 2158 651 2201 ora
664 2139 756 2201 decus
771 2140 935 2222 formaeque
951 2141 1089 2202 nitentior
1103 2139 1163 2201 illas

432 2238 523 2297 intrat
537 2236 632 2299 honos
645 2247 736 2317 atque
749 2255 815 2298 esse
829 2237 901 2299 deas
914 2249 986 2300 tunc
999 2237 1095 2299 sidera
1108 2236 1173 2298 caeli

433 2335 618 2409 Promeritas,
637 2334 704 2415 quis
719 2352 778 2394 non
793 2337 899 2415 putet?
914 2336 992 2415 Quis
1006 2335 1072 2396 talia
1086 2334 1183 2396 divum

432 2432 509 2492 inse
523 2431 644 2492 habuit?
665 2431 697 2492 Si
711 2430 800 2511 digna
814 2431 914 2513 polum
929 2431 999 2493 dant
1013 2433 1134 2513 praemia
1148 2433 1268 2511 cuique,

431 2530 463 2591 Ο
478 2528 546 2589 felix
561 2529 690 2603 nimium,
709 2529 810 2590 oielix
825 2530 909 2591 nimis
924 2541 1047 2610 utraque
1061 2530 1142 2609 virgo
1155 2531 1162 2589 l

372 2638 413 2697 res
429 2627 478 2688 Sic
491 2627 573 2688 vobis
587 2638 618 2688 et
628 2627 736 2708 Apollo
750 2637 834 2708 pater
847 2629 1005 2709 Cirraeque
1019 2645 1136 2689 sorores

429 2724 567 2804 Aspirent
589 2723 766 2804 longamque
789 2724 864 2785 inter
877 2736 921 2785 tot
933 2724 1040 2806 gaudia
1053 2725 1138 2785 vitam

431 2821 554 2901 Degere
564 2821 637 2883 dent
647 2822 826 2903 meritosque
837 2822 933 2884 lerant
946 2821 985 2883 dii
1000 2840 1117 2903 semper
1130 2821 1262 2912 honores
1278 2828 1285 2884 l

459 3115 571 3194 Magna
578 3114 699 3195 quidem
707 3016 931 3178 memoArXshetSle
941 3116 1049 3197 quibus
1060 3117 1121 3199 ipse
1129 3116 1283 3178 serendam

432 3213 506 3273 Esse
521 3212 608 3274 fidem
622 3213 736 3295 solique
750 3213 800 3274 tibi
817 3215 952 3296 Linoque
967 3227 1109 3298 putarem,

456 3486 543 3568 ⁰(1146)
558 3488 669 3538 anboC
703 3488 769 3552 (1⁴⁸)
788 3489 907 3553 puelac
935 3489 1181 3554 (rsolquidquidc
1215 3490 1283 3554 (155)

429 3568 494 3618 meri
510 3567 540 3617 α
574 3568 627 3618 dun
652 3568 682 3618 α
717 3569 776 3618 uiue
792 3569 823 3619 G
857 3567 923 3633 (161)
936 3577 1073 3632 atqueom
1092 3569 1123 3619 C
