<?xml version="1.0" encoding="UTF-8"?>
<!DOCTYPE html PUBLIC "-//W3C//DTD XHTML 1.0 Transitional//EN"
    "http://www.w3.org/TR/xhtml1/DTD/xhtml1-transitional.dtd">
<html xmlns="http://www.w3.org/1999/xhtml" xml:lang="en" lang="en">
 <head>
  <title>
</title>
<meta http-equiv="Content-Type" content="text/html;charset=utf-8" />
  <meta name='ocr-system' content='tesseract 3.04.00' />
  <meta name='ocr-capabilities' content='ocr_page ocr_carea ocr_par ocr_line ocrx_word'/>
</head>
<body>
  <div class='ocr_page' id='page_1' title='image "./isotnogarolvero01nogagoog/isotnogarolvero01nogagoog_0427.png"; bbox 0 0 2820 4680; ppageno 0'>
   <div class='ocr_carea' id='block_1_1' title="bbox 890 578 949 633">
    <p class='ocr_par' dir='ltr' id='par_1_1' title="bbox 890 578 949 633">
     <span class='ocr_line' id='line_1_1' title="bbox 890 578 949 633; baseline 0 -13"><span class='ocrx_word' id='word_1_1' title='bbox 890 578 949 633; x_wconf 78' lang='lat'>420</span> 
     </span>
    </p>
   </div>
   <div class='ocr_carea' id='block_1_2' title="bbox 448 730 1349 3479">
    <p class='ocr_par' dir='ltr' id='par_1_2' title="bbox 448 730 1349 3479">
     <span class='ocr_line' id='line_1_2' title="bbox 495 730 1349 830; baseline -0.002 -25"><span class='ocrx_word' id='word_1_2' title='bbox 495 757 574 830; x_wconf 86' lang='lat' dir='ltr'>quae</span> <span class='ocrx_word' id='word_1_3' title='bbox 589 758 644 803; x_wconf 85' lang='lat' dir='ltr'>me</span> <span class='ocrx_word' id='word_1_4' title='bbox 659 746 762 803; x_wconf 86' lang='lat' dir='ltr'>tantae</span> <span class='ocrx_word' id='word_1_5' title='bbox 773 730 820 803; x_wconf 87' lang='lat' dir='ltr'>rei</span> <span class='ocrx_word' id='word_1_6' title='bbox 835 755 953 803; x_wconf 89' lang='lat' dir='ltr'>amore</span> <span class='ocrx_word' id='word_1_7' title='bbox 962 756 1004 804; x_wconf 88' lang='lat' dir='ltr'>ac</span> <span class='ocrx_word' id='word_1_8' title='bbox 1019 730 1205 805; x_wconf 89' lang='lat' dir='ltr'>devotione</span> <span class='ocrx_word' id='word_1_9' title='bbox 1219 756 1349 805; x_wconf 90' lang='lat' dir='ltr'>accen-</span> 
     </span>
     <span class='ocr_line' id='line_1_3' title="bbox 494 844 1347 946; baseline 0 -26"><span class='ocrx_word' id='word_1_10' title='bbox 494 873 567 920; x_wconf 90' lang='lat' dir='ltr'>sum</span> <span class='ocrx_word' id='word_1_11' title='bbox 585 845 630 920; x_wconf 88' lang='lat' dir='ltr'>ad</span> <span class='ocrx_word' id='word_1_12' title='bbox 648 844 866 919; x_wconf 87' lang='lat' dir='ltr'>scribendum</span> <span class='ocrx_word' id='word_1_13' title='bbox 882 845 1024 943; x_wconf 85' lang='lat' dir='ltr'><strong>impulit,</strong></span> <span class='ocrx_word' id='word_1_14' title='bbox 1038 846 1207 946; x_wconf 92' lang='lat' dir='ltr'>simulque</span> <span class='ocrx_word' id='word_1_15' title='bbox 1221 845 1347 920; x_wconf 90' lang='lat' dir='ltr'>eadem</span> 
     </span>
     <span class='ocr_line' id='line_1_4' title="bbox 496 960 1347 1061; baseline -0.001 -27"><span class='ocrx_word' id='word_1_16' title='bbox 496 962 589 1051; x_wconf 78' lang='lat' dir='ltr'>fecit,</span> <span class='ocrx_word' id='word_1_17' title='bbox 605 978 640 1034; x_wconf 95' lang='lat' dir='ltr'>ut</span> <span class='ocrx_word' id='word_1_18' title='bbox 653 980 847 1035; x_wconf 90' lang='lat' dir='ltr'>sermonem</span> <span class='ocrx_word' id='word_1_19' title='bbox 863 961 953 1034; x_wconf 86' lang='lat' dir='ltr'>hunc</span> <span class='ocrx_word' id='word_1_20' title='bbox 968 961 1089 1059; x_wconf 93' lang='lat' dir='ltr'>ipsum,</span> <span class='ocrx_word' id='word_1_21' title='bbox 1104 987 1206 1061; x_wconf 91' lang='lat' dir='ltr'>quem</span> <span class='ocrx_word' id='word_1_22' title='bbox 1221 960 1347 1035; x_wconf 83' lang='lat' dir='ltr'>audaci</span> 
     </span>
     <span class='ocr_line' id='line_1_5' title="bbox 494 1075 1349 1176; baseline -0.001 -25"><span class='ocrx_word' id='word_1_23' title='bbox 494 1077 609 1176; x_wconf 92' lang='lat' dir='ltr'>potius</span> <span class='ocrx_word' id='word_1_24' title='bbox 625 1077 740 1152; x_wconf 87' lang='lat' dir='ltr'>animo</span> <span class='ocrx_word' id='word_1_25' title='bbox 758 1100 859 1175; x_wconf 88' lang='lat' dir='ltr'>quam</span> <span class='ocrx_word' id='word_1_26' title='bbox 878 1076 994 1176; x_wconf 90' lang='lat' dir='ltr'>aliquo</span> <span class='ocrx_word' id='word_1_27' title='bbox 1024 1075 1143 1151; x_wconf 79' lang='lat' dir='ltr'>officio</span> <span class='ocrx_word' id='word_1_28' title='bbox 1164 1102 1349 1175; x_wconf 84' lang='lat' dir='ltr'>aggressus</span> 
     </span>
     <span class='ocr_line' id='line_1_6' title="bbox 467 1190 1347 1291; baseline 0 -25"><span class='ocrx_word' id='word_1_29' title='bbox 467 1222 477 1274; x_wconf 81' lang='grc' dir='ltr'><strong>ς</strong></span> <span class='ocrx_word' id='word_1_30' title='bbox 493 1218 579 1284; x_wconf 93' lang='lat' dir='ltr'>sum,</span> <span class='ocrx_word' id='word_1_31' title='bbox 597 1191 641 1267; x_wconf 88' lang='lat' dir='ltr'>ad</span> <span class='ocrx_word' id='word_1_32' title='bbox 659 1208 705 1282; x_wconf 91' lang='lat' dir='ltr'>te,</span> <span class='ocrx_word' id='word_1_33' title='bbox 716 1216 818 1291; x_wconf 87' lang='lat' dir='ltr'>quam</span> <span class='ocrx_word' id='word_1_34' title='bbox 837 1190 962 1265; x_wconf 87' lang='lat' dir='ltr'>divinae</span> <span class='ocrx_word' id='word_1_35' title='bbox 979 1193 1138 1267; x_wconf 88' lang='lat' dir='ltr'>lectionis</span> <span class='ocrx_word' id='word_1_36' title='bbox 1150 1192 1347 1266; x_wconf 86' lang='lat' dir='ltr'>convivium</span> 
     </span>
     <span class='ocr_line' id='line_1_7' title="bbox 493 1307 1347 1407; baseline 0.002 -27"><span class='ocrx_word' id='word_1_37' title='bbox 493 1307 638 1405; x_wconf 91' lang='lat' dir='ltr'>diligere</span> <span class='ocrx_word' id='word_1_38' title='bbox 648 1325 683 1382; x_wconf 95' lang='lat' dir='ltr'>et</span> <span class='ocrx_word' id='word_1_39' title='bbox 695 1307 901 1405; x_wconf 83' lang='lat' dir='ltr'>spiritalibus</span> <span class='ocrx_word' id='word_1_40' title='bbox 913 1308 1034 1382; x_wconf 90' lang='lat' dir='ltr'>saciari</span> <span class='ocrx_word' id='word_1_41' title='bbox 1048 1307 1194 1407; x_wconf 83' lang='lat' dir='ltr'>dapibus</span> <span class='ocrx_word' id='word_1_42' title='bbox 1206 1308 1347 1399; x_wconf 89' lang='lat' dir='ltr'>scimus,</span> 
     </span>
     <span class='ocr_line' id='line_1_8' title="bbox 493 1422 1347 1522; baseline 0.001 -25"><span class='ocrx_word' id='word_1_43' title='bbox 493 1423 673 1497; x_wconf 84' lang='lat' dir='ltr'>mitterem.</span> <span class='ocrx_word' id='word_1_44' title='bbox 694 1425 808 1496; x_wconf 89' lang='lat' dir='ltr'>Tuum</span> <span class='ocrx_word' id='word_1_45' title='bbox 819 1440 932 1497; x_wconf 87' lang='lat' dir='ltr'>tamen</span> <span class='ocrx_word' id='word_1_46' title='bbox 942 1423 1018 1514; x_wconf 91' lang='lat' dir='ltr'>erit,</span> <span class='ocrx_word' id='word_1_47' title='bbox 1038 1440 1073 1497; x_wconf 91' lang='lat' dir='ltr'>ut</span> <span class='ocrx_word' id='word_1_48' title='bbox 1090 1449 1170 1522; x_wconf 88' lang='lat' dir='ltr'>quae</span> <span class='ocrx_word' id='word_1_49' title='bbox 1195 1422 1242 1497; x_wconf 90' lang='lat' dir='ltr'>de</span> <span class='ocrx_word' id='word_1_50' title='bbox 1260 1449 1347 1522; x_wconf 90' lang='lat' dir='ltr'>pec-</span> 
     </span>
     <span class='ocr_line' id='line_1_9' title="bbox 493 1537 1349 1637; baseline -0.004 -22"><span class='ocrx_word' id='word_1_51' title='bbox 493 1538 619 1615; x_wconf 90' lang='lat' dir='ltr'>catoris</span> <span class='ocrx_word' id='word_1_52' title='bbox 637 1561 736 1612; x_wconf 88' lang='lat' dir='ltr'>manu</span> <span class='ocrx_word' id='word_1_53' title='bbox 751 1537 871 1612; x_wconf 91' lang='lat' dir='ltr'>nescio</span> <span class='ocrx_word' id='word_1_54' title='bbox 889 1564 960 1637; x_wconf 93' lang='lat' dir='ltr'>quo</span> <span class='ocrx_word' id='word_1_55' title='bbox 974 1555 1078 1636; x_wconf 91' lang='lat' dir='ltr'>pacto</span> <span class='ocrx_word' id='word_1_56' title='bbox 1091 1538 1267 1628; x_wconf 86' lang='lat' dir='ltr'>excidere,</span> <span class='ocrx_word' id='word_1_57' title='bbox 1282 1565 1349 1637; x_wconf 89' lang='lat' dir='ltr'>per</span> 
     </span>
     <span class='ocr_line' id='line_1_10' title="bbox 493 1654 1347 1753; baseline 0.004 -27"><span class='ocrx_word' id='word_1_58' title='bbox 493 1670 528 1728; x_wconf 89' lang='lat' dir='ltr'>te</span> <span class='ocrx_word' id='word_1_59' title='bbox 554 1656 662 1729; x_wconf 88' lang='lat' dir='ltr'>solam</span> <span class='ocrx_word' id='word_1_60' title='bbox 685 1655 779 1751; x_wconf 87' lang='lat' dir='ltr'>legas</span> <span class='ocrx_word' id='word_1_61' title='bbox 796 1677 909 1753; x_wconf 87' lang='lat' dir='ltr'>eaque</span> <span class='ocrx_word' id='word_1_62' title='bbox 927 1654 1019 1753; x_wconf 88' lang='lat' dir='ltr'>apud</span> <span class='ocrx_word' id='word_1_63' title='bbox 1037 1672 1072 1728; x_wconf 88' lang='lat' dir='ltr'>te</span> <span class='ocrx_word' id='word_1_64' title='bbox 1089 1654 1280 1745; x_wconf 84' lang='lat' dir='ltr'>contineas,</span> <span class='ocrx_word' id='word_1_65' title='bbox 1301 1681 1347 1729; x_wconf 90' lang='lat' dir='ltr'>ne</span> 
     </span>
     <span class='ocr_line' id='line_1_11' title="bbox 450 1768 1349 1868; baseline 0.007 -31"><span class='ocrx_word' id='word_1_66' title='bbox 450 1801 480 1837; x_wconf 83' lang='grc' dir='ltr'>ιο</span> <span class='ocrx_word' id='word_1_67' title='bbox 494 1769 526 1842; x_wconf 92' lang='lat' dir='ltr'>in</span> <span class='ocrx_word' id='word_1_68' title='bbox 544 1772 663 1866; x_wconf 87' lang='lat' dir='ltr'>vulgus</span> <span class='ocrx_word' id='word_1_69' title='bbox 680 1784 816 1858; x_wconf 85' lang='lat' dir='ltr'>exeant,</span> <span class='ocrx_word' id='word_1_70' title='bbox 834 1768 916 1867; x_wconf 91' lang='lat' dir='ltr'>quia</span> <span class='ocrx_word' id='word_1_71' title='bbox 932 1770 960 1843; x_wconf 89' lang='lat' dir='ltr'>si</span> <span class='ocrx_word' id='word_1_72' title='bbox 973 1796 1043 1868; x_wconf 89' lang='lat' dir='ltr'>ego</span> <span class='ocrx_word' id='word_1_73' title='bbox 1056 1770 1165 1844; x_wconf 89' lang='lat' dir='ltr'>minus</span> <span class='ocrx_word' id='word_1_74' title='bbox 1176 1795 1349 1843; x_wconf 85' lang='lat' dir='ltr'>verecun-</span> 
     </span>
     <span class='ocr_line' id='line_1_12' title="bbox 492 1884 1347 1983; baseline 0.001 -25"><span class='ocrx_word' id='word_1_75' title='bbox 492 1885 557 1959; x_wconf 93' lang='lat' dir='ltr'>dus</span> <span class='ocrx_word' id='word_1_76' title='bbox 583 1909 645 1982; x_wconf 93' lang='lat' dir='ltr'>per</span> <span class='ocrx_word' id='word_1_77' title='bbox 671 1884 910 1983; x_wconf 91' lang='lat' dir='ltr'>memetipsum</span> <span class='ocrx_word' id='word_1_78' title='bbox 928 1911 1005 1960; x_wconf 88' lang='lat' dir='ltr'>esse</span> <span class='ocrx_word' id='word_1_79' title='bbox 1032 1887 1133 1976; x_wconf 87' lang='lat' dir='ltr'>volui,</span> <span class='ocrx_word' id='word_1_80' title='bbox 1152 1903 1209 1959; x_wconf 93' lang='lat' dir='ltr'>tua</span> <span class='ocrx_word' id='word_1_81' title='bbox 1229 1903 1347 1960; x_wconf 91' lang='lat' dir='ltr'>tamen</span> 
     </span>
     <span class='ocr_line' id='line_1_13' title="bbox 493 1999 1345 2099; baseline 0 -25"><span class='ocrx_word' id='word_1_82' title='bbox 493 2000 663 2075; x_wconf 89' lang='lat' dir='ltr'>modestia</span> <span class='ocrx_word' id='word_1_83' title='bbox 672 2017 776 2099; x_wconf 91' lang='lat' dir='ltr'>atque</span> <span class='ocrx_word' id='word_1_84' title='bbox 787 1999 1148 2099; x_wconf 87' lang='lat' dir='ltr'>prudentiahuicmeae</span> <span class='ocrx_word' id='word_1_85' title='bbox 1159 2001 1345 2076; x_wconf 87' lang='lat' dir='ltr'>temeritati</span> 
     </span>
     <span class='ocr_line' id='line_1_14' title="bbox 493 2115 1345 2218; baseline 0.001 -28"><span class='ocrx_word' id='word_1_86' title='bbox 493 2142 636 2215; x_wconf 91' lang='lat' dir='ltr'>parcere</span> <span class='ocrx_word' id='word_1_87' title='bbox 653 2115 798 2190; x_wconf 91' lang='lat' dir='ltr'>debebit</span> <span class='ocrx_word' id='word_1_88' title='bbox 813 2133 849 2190; x_wconf 92' lang='lat' dir='ltr'>et</span> <span class='ocrx_word' id='word_1_89' title='bbox 866 2117 1046 2192; x_wconf 89' lang='lat' dir='ltr'>continere</span> <span class='ocrx_word' id='word_1_90' title='bbox 1059 2117 1150 2216; x_wconf 88' lang='lat' dir='ltr'>apud</span> <span class='ocrx_word' id='word_1_91' title='bbox 1168 2134 1213 2191; x_wconf 88' lang='lat' dir='ltr'>te.</span> <span class='ocrx_word' id='word_1_92' title='bbox 1230 2117 1345 2218; x_wconf 87' lang='lat' dir='ltr'>Quod</span> 
     </span>
     <span class='ocr_line' id='line_1_15' title="bbox 492 2231 1346 2330; baseline 0.001 -25"><span class='ocrx_word' id='word_1_93' title='bbox 492 2232 609 2307; x_wconf 82' lang='lat' dir='ltr'>facere</span> <span class='ocrx_word' id='word_1_94' title='bbox 627 2258 695 2306; x_wconf 94' lang='lat' dir='ltr'>non</span> <span class='ocrx_word' id='word_1_95' title='bbox 715 2231 827 2329; x_wconf 76' lang='lat' dir='ltr'>potui,</span> <span class='ocrx_word' id='word_1_96' title='bbox 846 2257 968 2307; x_wconf 93' lang='lat' dir='ltr'>omnes</span> <span class='ocrx_word' id='word_1_97' title='bbox 984 2233 1074 2307; x_wconf 93' lang='lat' dir='ltr'>enim</span> <span class='ocrx_word' id='word_1_98' title='bbox 1093 2232 1141 2330; x_wconf 87' lang='lat' dir='ltr'>(ut</span> <span class='ocrx_word' id='word_1_99' title='bbox 1157 2231 1236 2328; x_wconf 89' lang='lat' dir='ltr'>scis)</span> <span class='ocrx_word' id='word_1_100' title='bbox 1264 2233 1346 2306; x_wconf 86' lang='lat' dir='ltr'>baec</span> 
     </span>
     <span class='ocr_line' id='line_1_16' title="bbox 450 2347 1346 2447; baseline 0.007 -32"><span class='ocrx_word' id='word_1_101' title='bbox 450 2379 475 2429; x_wconf 77' lang='grc' dir='ltr'>ις</span> <span class='ocrx_word' id='word_1_102' title='bbox 491 2347 603 2422; x_wconf 88' lang='lat' dir='ltr'>studia</span> <span class='ocrx_word' id='word_1_103' title='bbox 621 2373 688 2420; x_wconf 91' lang='lat' dir='ltr'>non</span> <span class='ocrx_word' id='word_1_104' title='bbox 706 2347 856 2445; x_wconf 90' lang='lat' dir='ltr'>capiunt,</span> <span class='ocrx_word' id='word_1_105' title='bbox 883 2374 963 2446; x_wconf 85' lang='lat' dir='ltr'>quae</span> <span class='ocrx_word' id='word_1_106' title='bbox 979 2350 1081 2423; x_wconf 88' lang='lat' dir='ltr'>stulta</span> <span class='ocrx_word' id='word_1_107' title='bbox 1097 2347 1188 2447; x_wconf 90' lang='lat' dir='ltr'>apud</span> <span class='ocrx_word' id='word_1_108' title='bbox 1205 2347 1346 2445; x_wconf 88' lang='lat' dir='ltr'>sapien-</span> 
     </span>
     <span class='ocr_line' id='line_1_17' title="bbox 492 2463 1347 2563; baseline 0.001 -26"><span class='ocrx_word' id='word_1_109' title='bbox 492 2480 545 2537; x_wconf 89' lang='lat' dir='ltr'>tes</span> <span class='ocrx_word' id='word_1_110' title='bbox 558 2463 656 2537; x_wconf 92' lang='lat' dir='ltr'>huius</span> <span class='ocrx_word' id='word_1_111' title='bbox 668 2463 786 2536; x_wconf 88' lang='lat' dir='ltr'>saeculi</span> <span class='ocrx_word' id='word_1_112' title='bbox 800 2480 1008 2560; x_wconf 89' lang='lat' dir='ltr'>reputantur,</span> <span class='ocrx_word' id='word_1_113' title='bbox 1023 2489 1228 2563; x_wconf 85' lang='lat' dir='ltr'>quamquam</span> <span class='ocrx_word' id='word_1_114' title='bbox 1243 2463 1347 2538; x_wconf 91' lang='lat' dir='ltr'>huius</span> 
     </span>
     <span class='ocr_line' id='line_1_18' title="bbox 491 2577 1344 2677; baseline 0.001 -25"><span class='ocrx_word' id='word_1_115' title='bbox 491 2578 609 2652; x_wconf 86' lang='lat' dir='ltr'>saeculi</span> <span class='ocrx_word' id='word_1_116' title='bbox 627 2577 767 2652; x_wconf 89' lang='lat' dir='ltr'>stultitia</span> <span class='ocrx_word' id='word_1_117' title='bbox 784 2595 985 2652; x_wconf 86' lang='lat' dir='ltr'>vocatorum</span> <span class='ocrx_word' id='word_1_118' title='bbox 1002 2579 1170 2677; x_wconf 89' lang='lat' dir='ltr'>sapientia</span> <span class='ocrx_word' id='word_1_119' title='bbox 1194 2594 1258 2669; x_wconf 90' lang='lat' dir='ltr'>est,</span> <span class='ocrx_word' id='word_1_120' title='bbox 1282 2580 1344 2677; x_wconf 89' lang='lat' dir='ltr'>qui</span> 
     </span>
     <span class='ocr_line' id='line_1_19' title="bbox 492 2692 1345 2793; baseline 0.001 -27"><span class='ocrx_word' id='word_1_121' title='bbox 492 2694 647 2790; x_wconf 91' lang='lat' dir='ltr'>cogitant</span> <span class='ocrx_word' id='word_1_122' title='bbox 662 2718 800 2791; x_wconf 91' lang='lat' dir='ltr'>semper</span> <span class='ocrx_word' id='word_1_123' title='bbox 817 2692 850 2765; x_wconf 93' lang='lat' dir='ltr'>in</span> <span class='ocrx_word' id='word_1_124' title='bbox 868 2693 977 2768; x_wconf 91' lang='lat' dir='ltr'>corde</span> <span class='ocrx_word' id='word_1_125' title='bbox 995 2720 1074 2793; x_wconf 84' lang='lat' dir='ltr'>quae</span> <span class='ocrx_word' id='word_1_126' title='bbox 1091 2693 1149 2768; x_wconf 93' lang='lat' dir='ltr'>dei</span> <span class='ocrx_word' id='word_1_127' title='bbox 1174 2711 1263 2783; x_wconf 91' lang='lat' dir='ltr'>sunt,</span> <span class='ocrx_word' id='word_1_128' title='bbox 1291 2694 1345 2793; x_wconf 95' lang='lat' dir='ltr'>ip-</span> 
     </span>
     <span class='ocr_line' id='line_1_20' title="bbox 491 2809 1343 2908; baseline 0.002 -26"><span class='ocrx_word' id='word_1_129' title='bbox 491 2834 564 2882; x_wconf 92' lang='lat' dir='ltr'>sum</span> <span class='ocrx_word' id='word_1_130' title='bbox 583 2833 720 2906; x_wconf 91' lang='lat' dir='ltr'>semper</span> <span class='ocrx_word' id='word_1_131' title='bbox 737 2809 770 2881; x_wconf 94' lang='lat' dir='ltr'>in</span> <span class='ocrx_word' id='word_1_132' title='bbox 788 2834 851 2883; x_wconf 90' lang='lat' dir='ltr'>ore</span> <span class='ocrx_word' id='word_1_133' title='bbox 869 2810 1008 2899; x_wconf 90' lang='lat' dir='ltr'>habent,</span> <span class='ocrx_word' id='word_1_134' title='bbox 1019 2810 1180 2908; x_wconf 87' lang='lat' dir='ltr'>quoniam</span> <span class='ocrx_word' id='word_1_135' title='bbox 1199 2809 1343 2884; x_wconf 89' lang='lat' dir='ltr'>verbum</span> 
     </span>
     <span class='ocr_line' id='line_1_21' title="bbox 448 2923 1346 3023; baseline 0.009 -30"><span class='ocrx_word' id='word_1_136' title='bbox 448 2958 479 2993; x_wconf 73' lang='grc' dir='ltr'>ιο</span> <span class='ocrx_word' id='word_1_137' title='bbox 491 2923 548 2998; x_wconf 93' lang='lat' dir='ltr'>dei</span> <span class='ocrx_word' id='word_1_138' title='bbox 558 2941 622 3015; x_wconf 91' lang='lat' dir='ltr'>est,</span> <span class='ocrx_word' id='word_1_139' title='bbox 633 2924 741 3023; x_wconf 92' lang='lat' dir='ltr'>ipsum</span> <span class='ocrx_word' id='word_1_140' title='bbox 751 2924 913 3014; x_wconf 89' lang='lat' dir='ltr'>esuriunt,</span> <span class='ocrx_word' id='word_1_141' title='bbox 924 2925 1084 3023; x_wconf 90' lang='lat' dir='ltr'>quoniam</span> <span class='ocrx_word' id='word_1_142' title='bbox 1095 2924 1191 3023; x_wconf 85' lang='lat' dir='ltr'>panis</span> <span class='ocrx_word' id='word_1_143' title='bbox 1199 2927 1346 3021; x_wconf 87' lang='lat' dir='ltr'>angelo-</span> 
     </span>
     <span class='ocr_line' id='line_1_22' title="bbox 492 3039 1346 3140; baseline 0.005 -29"><span class='ocrx_word' id='word_1_144' title='bbox 492 3065 563 3112; x_wconf 93' lang='lat' dir='ltr'>rum</span> <span class='ocrx_word' id='word_1_145' title='bbox 579 3057 642 3131; x_wconf 87' lang='lat' dir='ltr'>est,</span> <span class='ocrx_word' id='word_1_146' title='bbox 654 3039 762 3138; x_wconf 89' lang='lat' dir='ltr'>ipsum</span> <span class='ocrx_word' id='word_1_147' title='bbox 780 3040 906 3130; x_wconf 92' lang='lat' dir='ltr'>sitiunt,</span> <span class='ocrx_word' id='word_1_148' title='bbox 917 3040 1078 3140; x_wconf 87' lang='lat' dir='ltr'>quoniam</span> <span class='ocrx_word' id='word_1_149' title='bbox 1093 3041 1182 3115; x_wconf 87' lang='lat' dir='ltr'>calix</span> <span class='ocrx_word' id='word_1_150' title='bbox 1197 3040 1275 3114; x_wconf 91' lang='lat' dir='ltr'>novi</span> <span class='ocrx_word' id='word_1_151' title='bbox 1290 3057 1346 3115; x_wconf 92' lang='lat' dir='ltr'>te-</span> 
     </span>
     <span class='ocr_line' id='line_1_23' title="bbox 490 3155 1347 3255; baseline 0.005 -26"><span class='ocrx_word' id='word_1_152' title='bbox 490 3155 648 3229; x_wconf 87' lang='lat' dir='ltr'>stamenti</span> <span class='ocrx_word' id='word_1_153' title='bbox 658 3172 721 3246; x_wconf 91' lang='lat' dir='ltr'>est,</span> <span class='ocrx_word' id='word_1_154' title='bbox 736 3155 826 3229; x_wconf 92' lang='lat' dir='ltr'>illum</span> <span class='ocrx_word' id='word_1_155' title='bbox 838 3157 952 3254; x_wconf 89' lang='lat' dir='ltr'>lingua</span> <span class='ocrx_word' id='word_1_156' title='bbox 960 3157 1176 3246; x_wconf 86' lang='lat' dir='ltr'>confitentur,</span> <span class='ocrx_word' id='word_1_157' title='bbox 1187 3155 1268 3255; x_wconf 91' lang='lat' dir='ltr'>quia</span> <span class='ocrx_word' id='word_1_158' title='bbox 1278 3156 1347 3233; x_wconf 92' lang='lat' dir='ltr'>illis</span> 
     </span>
     <span class='ocr_line' id='line_1_24' title="bbox 491 3270 1345 3371; baseline 0.007 -29"><span class='ocrx_word' id='word_1_159' title='bbox 491 3270 622 3367; x_wconf 88' lang='lat' dir='ltr'>linguas</span> <span class='ocrx_word' id='word_1_160' title='bbox 639 3297 744 3345; x_wconf 91' lang='lat' dir='ltr'>novas</span> <span class='ocrx_word' id='word_1_161' title='bbox 762 3297 824 3370; x_wconf 91' lang='lat' dir='ltr'>per</span> <span class='ocrx_word' id='word_1_162' title='bbox 840 3273 993 3371; x_wconf 89' lang='lat' dir='ltr'>spiritum</span> <span class='ocrx_word' id='word_1_163' title='bbox 1023 3298 1120 3346; x_wconf 89' lang='lat' dir='ltr'>suum</span> <span class='ocrx_word' id='word_1_164' title='bbox 1147 3271 1253 3358; x_wconf 92' lang='lat' dir='ltr'>dedit,</span> <span class='ocrx_word' id='word_1_165' title='bbox 1282 3275 1345 3371; x_wconf 94' lang='lat' dir='ltr'>qui</span> 
     </span>
     <span class='ocr_line' id='line_1_25' title="bbox 491 3384 1347 3479; baseline 0.012 -22"><span class='ocrx_word' id='word_1_166' title='bbox 491 3384 625 3460; x_wconf 87' lang='lat' dir='ltr'>tametsi</span> <span class='ocrx_word' id='word_1_167' title='bbox 644 3385 677 3459; x_wconf 88' lang='lat' dir='ltr'>in</span> <span class='ocrx_word' id='word_1_168' title='bbox 694 3388 824 3461; x_wconf 85' lang='lat' dir='ltr'>saeculo</span> <span class='ocrx_word' id='word_1_169' title='bbox 842 3403 930 3479; x_wconf 93' lang='lat' dir='ltr'>sunt,</span> <span class='ocrx_word' id='word_1_170' title='bbox 949 3412 1143 3463; x_wconf 91' lang='lat' dir='ltr'>sermonem</span> <span class='ocrx_word' id='word_1_171' title='bbox 1162 3404 1275 3461; x_wconf 88' lang='lat' dir='ltr'>tamen</span> <span class='ocrx_word' id='word_1_172' title='bbox 1295 3389 1347 3467; x_wconf 89' lang='lat' dir='ltr'>de</span> 
     </span>
    </p>
   </div>
   <div class='ocr_carea' id='block_1_3' title="bbox 447 3503 963 3676">
    <p class='ocr_par' dir='ltr' id='par_1_3' title="bbox 447 3503 963 3676">
     <span class='ocr_line' id='line_1_26' title="bbox 447 3503 863 3584; baseline 0.022 -16"><span class='ocrx_word' id='word_1_173' title='bbox 447 3531 474 3584; x_wconf 72' lang='grc' dir='ltr'>ις</span> <span class='ocrx_word' id='word_1_174' title='bbox 490 3503 620 3576; x_wconf 84' lang='lat' dir='ltr'>saecuto</span> <span class='ocrx_word' id='word_1_175' title='bbox 639 3528 707 3576; x_wconf 94' lang='lat' dir='ltr'>non</span> <span class='ocrx_word' id='word_1_176' title='bbox 726 3504 863 3577; x_wconf 79' lang='lat' dir='ltr'>habent</span> 
     </span>
     <span class='ocr_line' id='line_1_27' title="bbox 866 3626 963 3676; baseline 0.01 -1"><span class='ocrx_word' id='word_1_177' title='bbox 866 3626 963 3676; x_wconf 75' lang='lat' dir='ltr'>unua.</span> 
     </span>
    </p>
   </div>
   <div class='ocr_carea' id='block_1_4' title="bbox 0 0 1414 4680">
    <p class='ocr_par' dir='ltr' id='par_1_4' title="bbox 0 0 1414 4680">
     <span class='ocr_line' id='line_1_28' title="bbox 0 0 1414 4680; baseline 0 0"><span class='ocrx_word' id='word_1_178' title='bbox 0 0 1414 4680; x_wconf 95' lang='lat' dir='ltr'> </span> 
     </span>
    </p>
   </div>
  </div>
 </body>
</html>
