2820 4680
879 851 999 922 LXlll.

813 1112 923 1175 (amre,
941 1125 964 1160 ι
983 1113 1062 1174 uta)

684 1345 726 1395 De
739 1341 889 1395 comunis
904 1339 1016 1392 mittam
1025 1341 1055 1391 da
1065 1340 1197 1406 Nogamlr's.

514 1577 697 1655 Ludovicus
721 1580 923 1651 Fuscarenus
948 1573 1119 1648 Damiano
1148 1572 1306 1671 Burgensi
1326 1574 1359 1646 S.

492 1901 499 1931 ς
579 1887 591 1943 7
621 1874 648 1981 t)
703 1885 801 1935 uonn
820 1857 1089 1933 controversiam
1105 1859 1365 1932 clarissimorum

527 1992 536 2025 '⁴
528 1875 690 2155 [Af
726 1976 863 2050 fratrum
894 1972 939 2048 de
971 1973 1157 2071 Nogaroiis
1190 1998 1367 2048 causarum

528 2058 692 2184 istm}
726 2115 804 2165 esse
822 2089 1013 2177 maximam,
1032 2088 1114 2186 quia
1139 2087 1185 2162 de
1211 2088 1367 2186 dignissi-

519 2235 646 2284 marum
674 2209 809 2281 Blanaoe
832 2221 867 2278 et
892 2207 1013 2277 Ysotae
1030 2204 1229 2278 exclusione
1248 2204 1365 2302 agitur.

519 2322 629 2426 Quod
643 2323 726 2397 licet
738 2346 782 2395 ex
801 2322 981 2394 multorum
999 2319 1165 2393 relatione
1178 2318 1223 2394 ad
1238 2345 1292 2393 me
1306 2319 1369 2393 de·

477 2443 621 2515 rolatum
656 2439 710 2528 sit,
737 2433 882 2511 credere
909 2434 963 2507 vix
990 2459 1139 2533 possum,
1170 2453 1206 2508 et
1231 2435 1258 2509 si
1286 2435 1368 2532 quid

519 2572 583 2645 est,
603 2578 706 2654 cupro
725 2553 827 2627 finem
850 2551 964 2624 litibus
982 2550 1121 2649 imponi,
1141 2551 1222 2648 quia
1238 2576 1369 2625 summa

521 2695 597 2745 mea
624 2670 656 2743 in
675 2667 834 2743 familiam
854 2666 942 2740 illam
961 2665 1192 2740 benivolentia
1209 2666 1370 2763 frequen-

520 2803 573 2860 tes
599 2785 643 2859 illi
670 2801 706 2859 et
732 2781 942 2858 acerbissimi
961 2805 1114 2855 rumores
1133 2806 1187 2854 me
1205 2781 1368 2855 cruciant.

521 2898 758 2975 Excludendae
771 2916 848 2973 sunt
865 2923 908 2971 ex
927 2896 1130 2971 haereditate
1147 2896 1286 2971 virtutes
1305 2897 1371 2971 illae

480 3054 505 3104 ις
522 3033 663 3115 propter
687 3040 772 3114 quas
798 3014 987 3104 incolumis,
1014 3015 1141 3087 florens
1175 3030 1211 3085 et
1245 3012 1370 3086 felicis·

521 3132 605 3206 sima
622 3132 692 3206 suit.
711 3134 825 3230 Atque
844 3155 922 3205 cum
945 3130 1021 3204 filiis
1038 3128 1187 3228 piissima
1203 3127 1370 3226 genetrix,

522 3245 774 3345 religiosissima
802 3270 901 3321 soror
930 3269 1008 3320 esse
1038 3270 1106 3319 non
1134 3243 1270 3343 poterit,
1296 3242 1370 3318 sine

570 3430 616 3479 Nr.
639 3431 677 3487 96.
711 3428 745 3491 (3)
765 3429 938 3479 controversis
963 3429 993 3477 C.
1028 3428 1063 3492 (ς)
1088 3429 1319 3478 controversiarum
1340 3428 1371 3478 C.

523 3508 573 3572 (16)
590 3507 696 3573 genitrix
713 3509 744 3558 G
778 3507 828 3570 (17)
845 3506 1022 3573 reniogtastm
1036 3506 1066 3558 0
