2820 4680
495 932 598 1002 LXlI.

422 1175 531 1233 (Brixiae,
550 1191 572 1223 a.
595 1178 672 1238 1453.)

117 1389 234 1446 Consulit,
254 1390 317 1452 quoti
333 1403 381 1438 nort
397 1388 500 1452 implicet
514 1402 539 1438 se
555 1389 640 1446 litibus,
658 1391 701 1440 reti
715 1389 838 1441 solitudine
853 1395 875 1441 ct
890 1391 967 1440 studia

484 1469 592 1532 fmatur.

182 1677 363 1751 Ludovicus
375 1680 578 1751 Fuscurenus
594 1678 693 1750 lsotae
713 1677 902 1775 Nogaroiae.
998 1703 1008 1756 t
1053 1728 1055 1733 Α

206 1943 224 1957 “
294 1958 391 2008 orso
410 1953 444 2008 te
461 1933 575 2008 vexari
594 1932 730 2006 fratrum
745 1932 918 2007 discordia
931 1952 967 2009 et

164 1952 248 2219 ἓ
316 2050 402 2123 inter
426 2048 622 2123 suavissima
646 2048 829 2123 litterarum
856 2048 967 2125 studia

314 2166 417 2239 veluti
448 2165 633 2263 improviso
646 2165 721 2239 soni
740 2182 870 2239 terrore
888 2191 966 2262 per-

113 2302 247 2353 cussam
265 2281 379 2354 animo
397 2281 520 2353 turbari
534 2280 778 2377 orationesque
800 2280 965 2377 piissimas

114 2394 280 2492 impediri,
308 2421 393 2492 quas
410 2421 431 2470 a
448 2395 617 2493 principio
633 2396 713 2469 vitae
731 2413 799 2469 tuae
818 2396 964 2470 maxime
980 2425 1010 2462 10

113 2509 278 2599 dilexisti;
296 2510 451 2585 studuisti
461 2511 551 2584 enim
566 2512 707 2608 plurima
716 2528 842 2600 tecum,
853 2537 965 2610 pauca

112 2650 191 2699 cum
216 2626 289 2701 aliis
314 2626 418 2724 ioqui.
446 2626 573 2724 Scripsi
593 2653 703 2701 meam
732 2627 964 2724 superioribus

112 2740 234 2815 diebus
267 2742 313 2816 de
339 2767 428 2840 pace
454 2743 666 2816 sententiam.
695 2742 762 2817 Sin
779 2761 892 2816 autern
918 2767 963 2818 eo

112 2882 293 2954 progressa
310 2874 388 2933 sunt
404 2859 528 2949 omnia,
549 2877 583 2932 ut
601 2858 646 2932 de
656 2857 856 2932 concordia
873 2857 963 2932 diffi-

111 2971 174 3045 das
191 2997 316 3069 resque
331 2974 363 3046 in
378 2973 505 3047 iudicio
523 2973 658 3072 agenda
671 2973 724 3062 sit,
745 2999 812 3046 non
826 2973 963 3070 patiaris
977 3001 1003 3054 ις

111 3087 155 3161 ad
174 3113 294 3163 causas
311 3089 343 3162 in
371 3089 500 3164 medias
522 3092 726 3188 populorum
745 3090 859 3162 turbas
877 3090 961 3163 trahi

110 3218 147 3276 et
171 3228 216 3276 ex
242 3220 303 3278 tuo
319 3205 434 3279 salutis
452 3222 551 3302 portu
579 3204 839 3303 tempestatibus
856 3205 959 3280 obici.

112 3320 197 3393 Deo
214 3344 338 3417 preces
355 3319 493 3394 effunde
510 3337 546 3394 et
563 3337 693 3418 quanto
719 3320 825 3419 magis
842 3320 963 3395 distra-

159 3504 205 3552 Nr.
225 3516 278 3564 297.
298 3503 332 3569 (8)
349 3506 489 3568 improviso
507 3506 537 3557 C.
562 3504 594 3567 (8.
613 3507 637 3567 9)
653 3519 787 3567 percusam
805 3507 833 3555 C.
852 3506 961 3568 (1⁶)irn·

110 3582 208 3632 medirs
224 3584 253 3634 0
