2820 4680
836 575 896 637 440

447 731 768 806 eximioamoretui.
781 734 911 832 ltaque,
922 731 1125 822 miAndrea,
1136 729 1301 830 quoniam

447 846 539 920 adeo
578 847 680 921 lacile
719 873 783 921 nos
813 847 931 921 iniuria
963 846 1105 920 affecisti
1137 845 1304 943 proximis

448 961 512 1033 tuis
530 960 580 1035 sic
597 962 761 1036 aculeatis
778 961 908 1051 litteris,
927 986 1012 1059 quas
1031 961 1077 1034 ita
1098 960 1303 1049 immaniter,

448 1077 494 1151 ita
510 1103 643 1176 aspere,
663 1079 709 1153 ita
734 1079 985 1152 contumeliose
1011 1096 1136 1176 praeter
1153 1102 1305 1151 consue·

421 1191 598 1275 rtudinem
626 1211 716 1267 tuam
742 1193 786 1267 ad
813 1218 869 1266 me
894 1193 1069 1292 scripsisti,
1089 1193 1123 1267 id
1153 1193 1247 1283 mihi,
1267 1211 1305 1266 ut

447 1335 562 1383 verum
590 1309 707 1398 latear,
733 1309 918 1384 admodum
949 1309 1068 1384 durum
1099 1309 1204 1383 visum
1237 1326 1302 1382 est

448 1425 686 1526 Quamobrem
706 1425 738 1497 in
753 1425 901 1498 maximo
914 1450 1005 1499 nunc
1022 1450 1139 1499 versor
1152 1427 1245 1498 luctu
1260 1450 1305 1498 ac

446 1543 618 1640 squalore,
657 1566 863 1639 quamquam
907 1541 1057 1615 iocando
1099 1540 1148 1614 vis
1191 1565 1248 1612 me
1282 1566 1305 1614 a

448 1658 540 1729 luctu
570 1680 613 1730 ac
643 1655 790 1730 lacrimis
819 1655 864 1730 ad
895 1656 1096 1731 hilaritatem
1127 1656 1305 1754 risumque

394 1759 435 1838 ἰο
447 1770 638 1861 traducere,
658 1769 738 1844 dum
757 1796 812 1844 me
831 1773 967 1858 claram,
986 1788 1160 1845 venustam
1191 1769 1305 1845 deco·

448 1911 589 1985 ramque
607 1888 753 1984 puellam
771 1888 934 1983 appellas.
962 1889 1051 1960 Sane
1068 1903 1187 1985 aperte
1206 1886 1305 1984 inge-

448 2027 586 2100 nueque
603 2002 808 2091 confitebor,
828 2027 895 2075 non
914 2026 985 2075 sum
1005 2002 1078 2076 eius
1090 2002 1227 2100 generis
1242 2029 1305 2076 ne-

448 2142 517 2215 que
527 2142 573 2191 eo
581 2117 732 2191 obscuro
742 2119 824 2189 loco
838 2134 915 2189 nata
930 2143 1044 2216 neque
1057 2116 1216 2207 educata,
1231 2120 1305 2192 hoc

449 2247 502 2305 est
519 2256 562 2304 ex
581 2231 695 2305 infima
713 2230 857 2319 fortuna,
876 2257 992 2330 neque
1010 2232 1056 2306 ita
1082 2233 1197 2329 ignara
1214 2234 1304 2306 recti

407 2378 432 2430 ις
450 2346 614 2445 pravique
640 2371 754 2446 neque
780 2347 827 2420 ita
852 2347 973 2437 tenuis,
1001 2348 1046 2420 ita
1076 2348 1229 2444 agrestis,
1260 2349 1307 2423 ita

450 2460 588 2536 horrida
604 2479 709 2560 atque
724 2462 850 2536 inculta
867 2488 981 2562 neque
999 2464 1044 2536 ab
1062 2463 1199 2536 ineunte
1218 2489 1306 2561 pue·

450 2578 525 2652 ritia
542 2578 593 2652 his
612 2577 847 2676 perditissimis
866 2580 1016 2657 moribus
1041 2582 1086 2653 ab
1104 2580 1185 2678 ipsis
1203 2581 1308 2655 claris

451 2693 676 2792 ingenuisque
702 2695 899 2791 parentibus
930 2695 1089 2785 instituta,
1108 2713 1144 2768 ut
1160 2720 1306 2770 noscam

450 2833 493 2881 ac
502 2808 602 2881 velim
613 2809 821 2909 quempiam,
833 2835 875 2883 ne
885 2791 1043 2884 dicam'te
1053 2810 1157 2884 virum
1167 2811 1307 2908 sapien·

408 2924 613 2999 rotissimum
641 2925 792 3023 mihique
813 2925 962 3000 amicitia
978 2925 1307 3019 coniunctissimum,

449 3055 561 3114 astute
578 3065 620 3114 ac
638 3039 763 3114 callide
780 3039 957 3132 deludere,
975 3041 1056 3141 quin
1076 3042 1179 3115 immo
1197 3043 1308 3117 bene·

449 3155 600 3230 volentia
616 3181 685 3230 non
702 3155 828 3254 vulgari
843 3155 984 3231 mirifica
996 3157 1097 3231 animi
1111 3157 1309 3255 integritate

497 3372 618 3436 (nemori
626 3373 656 3423 C.
673 3370 707 3438 (2)
714 3373 793 3435 adeo]
803 3373 870 3422 haud
879 3373 909 3423 α
920 3373 1035 3437 (3)quas]
1042 3376 1267 3437 proptereaquod
1276 3377 1307 3427 G

452 3451 486 3516 (ς)
505 3451 540 3513 id]
556 3453 628 3513 quod
644 3452 674 3502 α
708 3454 741 3517 (7.
751 3454 864 3517 8)atque
880 3457 1010 3516 squallore
1026 3456 1055 3505 G
1090 3453 1124 3518 (9)
1142 3457 1262 3519 lacrymis
1281 3459 1307 3507 S

451 3531 629 3581 ilaritatemG
663 3533 713 3596 (η)
731 3546 826 3582 eoum.
846 3534 876 3584 G
910 3533 960 3599 (16)
977 3534 1110 3584 orridaC
1144 3534 1308 3599 (aalimoC.
