<?xml version="1.0" encoding="UTF-8"?>
<!DOCTYPE html PUBLIC "-//W3C//DTD XHTML 1.0 Transitional//EN"
    "http://www.w3.org/TR/xhtml1/DTD/xhtml1-transitional.dtd">
<html xmlns="http://www.w3.org/1999/xhtml" xml:lang="en" lang="en">
 <head>
  <title>
</title>
<meta http-equiv="Content-Type" content="text/html;charset=utf-8" />
  <meta name='ocr-system' content='tesseract 3.04.00' />
  <meta name='ocr-capabilities' content='ocr_page ocr_carea ocr_par ocr_line ocrx_word'/>
</head>
<body>
  <div class='ocr_page' id='page_1' title='image "./isotnogarolvero01nogagoog/isotnogarolvero01nogagoog_0255.png"; bbox 0 0 2820 4680; ppageno 0'>
   <div class='ocr_carea' id='block_1_1' title="bbox 702 576 761 652">
    <p class='ocr_par' dir='ltr' id='par_1_1' title="bbox 702 576 761 652">
     <span class='ocr_line' id='line_1_1' title="bbox 702 576 761 652; baseline 0 -14"><span class='ocrx_word' id='word_1_1' title='bbox 702 576 761 652; x_wconf 81' lang='lat'>24⁶</span> 
     </span>
    </p>
   </div>
   <div class='ocr_carea' id='block_1_2' title="bbox 255 747 1157 3501">
    <p class='ocr_par' dir='ltr' id='par_1_2' title="bbox 255 747 1157 3501">
     <span class='ocr_line' id='line_1_2' title="bbox 300 747 1153 847; baseline -0.004 -24"><span class='ocrx_word' id='word_1_2' title='bbox 300 747 397 846; x_wconf 91' lang='lat' dir='ltr'>quod</span> <span class='ocrx_word' id='word_1_3' title='bbox 424 747 614 821; x_wconf 87' lang='lat' dir='ltr'>secundum</span> <span class='ocrx_word' id='word_1_4' title='bbox 633 749 783 846; x_wconf 82' lang='lat' dir='ltr'>regulam</span> <span class='ocrx_word' id='word_1_5' title='bbox 810 765 863 822; x_wconf 85' lang='lat' dir='ltr'>est</span> <span class='ocrx_word' id='word_1_6' title='bbox 889 749 1078 847; x_wconf 85' lang='lat' dir='ltr'>praefixum,</span> <span class='ocrx_word' id='word_1_7' title='bbox 1096 748 1153 822; x_wconf 89' lang='lat' dir='ltr'>dei</span> 
     </span>
     <span class='ocr_line' id='line_1_3' title="bbox 301 863 1155 939; baseline 0 -2"><span class='ocrx_word' id='word_1_8' title='bbox 301 867 511 938; x_wconf 81' lang='lat' dir='ltr'>voluntatem</span> <span class='ocrx_word' id='word_1_9' title='bbox 554 863 814 937; x_wconf 86' lang='lat' dir='ltr'>contemnendo</span> <span class='ocrx_word' id='word_1_10' title='bbox 847 881 883 938; x_wconf 82' lang='lat' dir='ltr'>et</span> <span class='ocrx_word' id='word_1_11' title='bbox 916 888 1010 939; x_wconf 84' lang='lat' dir='ltr'>suam</span> <span class='ocrx_word' id='word_1_12' title='bbox 1047 863 1155 939; x_wconf 87' lang='lat' dir='ltr'>adim—</span> 
     </span>
     <span class='ocr_line' id='line_1_4' title="bbox 302 979 1155 1079; baseline 0 -26"><span class='ocrx_word' id='word_1_13' title='bbox 302 979 455 1079; x_wconf 84' lang='lat' dir='ltr'>plendo?</span> <span class='ocrx_word' id='word_1_14' title='bbox 481 981 565 1052; x_wconf 86' lang='lat' dir='ltr'>ltem</span> <span class='ocrx_word' id='word_1_15' title='bbox 591 979 797 1078; x_wconf 85' lang='lat' dir='ltr'>Augustinus</span> <span class='ocrx_word' id='word_1_16' title='bbox 823 980 868 1055; x_wconf 89' lang='lat' dir='ltr'>de</span> <span class='ocrx_word' id='word_1_17' title='bbox 891 997 1009 1054; x_wconf 85' lang='lat' dir='ltr'>natura</span> <span class='ocrx_word' id='word_1_18' title='bbox 1026 997 1062 1054; x_wconf 85' lang='lat' dir='ltr'>et</span> <span class='ocrx_word' id='word_1_19' title='bbox 1077 1005 1155 1078; x_wconf 84' lang='lat' dir='ltr'><strong>gra·</strong></span> 
     </span>
     <span class='ocr_line' id='line_1_5' title="bbox 301 1093 1157 1194; baseline 0.001 -27"><span class='ocrx_word' id='word_1_20' title='bbox 301 1096 364 1170; x_wconf 86' lang='lat' dir='ltr'>tia:</span> <span class='ocrx_word' id='word_1_21' title='bbox 402 1098 574 1168; x_wconf 82' lang='lat' dir='ltr'>Peccatum</span> <span class='ocrx_word' id='word_1_22' title='bbox 608 1103 656 1167; x_wconf 73' lang='lat' dir='ltr'>est</span> <span class='ocrx_word' id='word_1_23' title='bbox 688 1093 834 1168; x_wconf 77' lang='lat' dir='ltr'>voluntas</span> <span class='ocrx_word' id='word_1_24' title='bbox 863 1094 1082 1194; x_wconf 82' lang='lat' dir='ltr'>consequendi</span> <span class='ocrx_word' id='word_1_25' title='bbox 1106 1095 1157 1168; x_wconf 84' lang='lat' dir='ltr'>uel</span> 
     </span>
     <span class='ocr_line' id='line_1_6' title="bbox 274 1209 1157 1309; baseline -0.002 -23"><span class='ocrx_word' id='word_1_26' title='bbox 274 1209 455 1297; x_wconf 65' lang='lat' dir='ltr'>iretiucndi</span> <span class='ocrx_word' id='word_1_27' title='bbox 494 1209 584 1309; x_wconf 84' lang='lat' dir='ltr'>quod</span> <span class='ocrx_word' id='word_1_28' title='bbox 624 1209 741 1283; x_wconf 75' lang='lat' dir='ltr'>iustiu&#39;c</span> <span class='ocrx_word' id='word_1_29' title='bbox 782 1219 885 1302; x_wconf 73' lang='lat' dir='ltr'><em>vetat,</em></span> <span class='ocrx_word' id='word_1_30' title='bbox 924 1210 959 1283; x_wconf 83' lang='lat' dir='ltr'>id</span> <span class='ocrx_word' id='word_1_31' title='bbox 990 1220 1039 1283; x_wconf 73' lang='lat' dir='ltr'>esi</span> <span class='ocrx_word' id='word_1_32' title='bbox 1071 1209 1157 1284; x_wconf 73' lang='lat' dir='ltr'>noue</span> 
     </span>
     <span class='ocr_line' id='line_1_7' title="bbox 298 1324 1154 1425; baseline -0.002 -26"><span class='ocrx_word' id='word_1_33' title='bbox 298 1325 388 1425; x_wconf 78' lang='lat' dir='ltr'>quod</span> <span class='ocrx_word' id='word_1_34' title='bbox 411 1325 491 1398; x_wconf 80' lang='lat' dir='ltr'>deus</span> <span class='ocrx_word' id='word_1_35' title='bbox 512 1324 584 1399; x_wconf 76' lang='lat' dir='ltr'>vuit.</span> <span class='ocrx_word' id='word_1_36' title='bbox 618 1326 660 1397; x_wconf 87' lang='lat' dir='ltr'>Et</span> <span class='ocrx_word' id='word_1_37' title='bbox 677 1324 870 1398; x_wconf 86' lang='lat' dir='ltr'><em>concordat</em></span> <span class='ocrx_word' id='word_1_38' title='bbox 896 1325 1095 1399; x_wconf 85' lang='lat' dir='ltr'>Ambrosius</span> <span class='ocrx_word' id='word_1_39' title='bbox 1121 1325 1154 1397; x_wconf 91' lang='lat' dir='ltr'>in</span> 
     </span>
     <span class='ocr_line' id='line_1_8' title="bbox 298 1441 1156 1538; baseline 0 -25"><span class='ocrx_word' id='word_1_40' title='bbox 298 1441 387 1515; x_wconf 84' lang='lat' dir='ltr'>libro</span> <span class='ocrx_word' id='word_1_41' title='bbox 412 1441 458 1517; x_wconf 91' lang='lat' dir='ltr'>de</span> <span class='ocrx_word' id='word_1_42' title='bbox 488 1441 666 1538; x_wconf 79' lang='lat' dir='ltr'>paradiso:</span> <span class='ocrx_word' id='word_1_43' title='bbox 700 1443 871 1514; x_wconf 75' lang='lat' dir='ltr'>Peccatum</span> <span class='ocrx_word' id='word_1_44' title='bbox 910 1450 958 1513; x_wconf 83' lang='lat' dir='ltr'>est</span> <span class='ocrx_word' id='word_1_45' title='bbox 982 1449 1156 1538; x_wconf 76' lang='lat' dir='ltr'><em>transgres-</em></span> 
     </span>
     <span class='ocr_line' id='line_1_9' title="bbox 297 1553 1156 1654; baseline 0 -25"><span class='ocrx_word' id='word_1_46' title='bbox 297 1556 346 1630; x_wconf 85' lang='lat' dir='ltr'>sio</span> <span class='ocrx_word' id='word_1_47' title='bbox 381 1555 501 1629; x_wconf 83' lang='lat' dir='ltr'>diviuoe</span> <span class='ocrx_word' id='word_1_48' title='bbox 541 1554 620 1654; x_wconf 79' lang='lat' dir='ltr'>legis</span> <span class='ocrx_word' id='word_1_49' title='bbox 661 1564 693 1627; x_wconf 83' lang='lat' dir='ltr'>et</span> <span class='ocrx_word' id='word_1_50' title='bbox 732 1553 905 1628; x_wconf 78' lang='lat' dir='ltr'>coelestium</span> <span class='ocrx_word' id='word_1_51' title='bbox 939 1554 1156 1629; x_wconf 76' lang='lat' dir='ltr'><em>inobedientia</em></span> 
     </span>
     <span class='ocr_line' id='line_1_10' title="bbox 298 1670 1155 1768; baseline -0.005 -22"><span class='ocrx_word' id='word_1_52' title='bbox 298 1671 531 1746; x_wconf 73' lang='lat' dir='ltr'>mandatorum.</span> <span class='ocrx_word' id='word_1_53' title='bbox 560 1673 657 1745; x_wconf 85' lang='lat' dir='ltr'>Ecce</span> <span class='ocrx_word' id='word_1_54' title='bbox 678 1670 774 1767; x_wconf 92' lang='lat' dir='ltr'>quod</span> <span class='ocrx_word' id='word_1_55' title='bbox 793 1671 1016 1768; x_wconf 81' lang='lat' dir='ltr'>transgressio</span> <span class='ocrx_word' id='word_1_56' title='bbox 1043 1687 1078 1744; x_wconf 90' lang='lat' dir='ltr'>et</span> <span class='ocrx_word' id='word_1_57' title='bbox 1105 1670 1155 1742; x_wconf 89' lang='lat' dir='ltr'>in-</span> 
     </span>
     <span class='ocr_line' id='line_1_11' title="bbox 258 1786 1154 1862; baseline -0.002 -2"><span class='ocrx_word' id='word_1_58' title='bbox 258 1823 287 1860; x_wconf 84' lang='grc' dir='ltr'>ιο</span> <span class='ocrx_word' id='word_1_59' title='bbox 298 1787 499 1862; x_wconf 81' lang='lat' dir='ltr'>obedientia</span> <span class='ocrx_word' id='word_1_60' title='bbox 507 1786 703 1861; x_wconf 82' lang='lat' dir='ltr'>coelestium</span> <span class='ocrx_word' id='word_1_61' title='bbox 719 1786 956 1860; x_wconf 82' lang='lat' dir='ltr'>mandatorum</span> <span class='ocrx_word' id='word_1_62' title='bbox 972 1786 1154 1860; x_wconf 84' lang='lat' dir='ltr'>maximum</span> 
     </span>
     <span class='ocr_line' id='line_1_12' title="bbox 299 1901 1154 2002; baseline -0.006 -24"><span class='ocrx_word' id='word_1_63' title='bbox 299 1921 353 1979; x_wconf 84' lang='lat' dir='ltr'>est</span> <span class='ocrx_word' id='word_1_64' title='bbox 377 1920 572 2002; x_wconf 81' lang='lat' dir='ltr'>peccatum.</span> <span class='ocrx_word' id='word_1_65' title='bbox 603 1903 731 1999; x_wconf 85' lang='lat' dir='ltr'>Neque</span> <span class='ocrx_word' id='word_1_66' title='bbox 756 1901 848 1974; x_wconf 81' lang='lat' dir='ltr'>adeo</span> <span class='ocrx_word' id='word_1_67' title='bbox 872 1925 977 2000; x_wconf 84' lang='lat' dir='ltr'>grave</span> <span class='ocrx_word' id='word_1_68' title='bbox 1001 1920 1053 1975; x_wconf 83' lang='lat' dir='ltr'>est</span> <span class='ocrx_word' id='word_1_69' title='bbox 1072 1901 1154 1974; x_wconf 87' lang='lat' dir='ltr'>boni</span> 
     </span>
     <span class='ocr_line' id='line_1_13' title="bbox 299 2017 1154 2114; baseline -0.002 -22"><span class='ocrx_word' id='word_1_70' title='bbox 299 2035 336 2092; x_wconf 85' lang='lat' dir='ltr'>et</span> <span class='ocrx_word' id='word_1_71' title='bbox 361 2018 438 2092; x_wconf 86' lang='lat' dir='ltr'>mali</span> <span class='ocrx_word' id='word_1_72' title='bbox 456 2017 634 2091; x_wconf 86' lang='lat' dir='ltr'>scientiam</span> <span class='ocrx_word' id='word_1_73' title='bbox 656 2034 842 2114; x_wconf 77' lang='lat' dir='ltr'>appetere3</span> <span class='ocrx_word' id='word_1_74' title='bbox 863 2017 943 2091; x_wconf 90' lang='lat' dir='ltr'>licet</span> <span class='ocrx_word' id='word_1_75' title='bbox 962 2017 1154 2091; x_wconf 83' lang='lat' dir='ltr'>inordinate</span> 
     </span>
     <span class='ocr_line' id='line_1_14' title="bbox 300 2133 1154 2232; baseline -0.001 -25"><span class='ocrx_word' id='word_1_76' title='bbox 300 2151 468 2232; x_wconf 85' lang='lat' dir='ltr'>appetere</span> <span class='ocrx_word' id='word_1_77' title='bbox 485 2133 528 2207; x_wconf 84' lang='lat' dir='ltr'>sit</span> <span class='ocrx_word' id='word_1_78' title='bbox 546 2149 740 2230; x_wconf 82' lang='lat' dir='ltr'>peccatum,</span> <span class='ocrx_word' id='word_1_79' title='bbox 755 2133 844 2207; x_wconf 85' lang='lat' dir='ltr'>sicut</span> <span class='ocrx_word' id='word_1_80' title='bbox 857 2133 889 2204; x_wconf 89' lang='lat' dir='ltr'>in</span> <span class='ocrx_word' id='word_1_81' title='bbox 909 2135 989 2222; x_wconf 86' lang='lat' dir='ltr'>Eva,</span> <span class='ocrx_word' id='word_1_82' title='bbox 1004 2158 1085 2231; x_wconf 86' lang='lat' dir='ltr'>quae</span> <span class='ocrx_word' id='word_1_83' title='bbox 1103 2151 1154 2206; x_wconf 85' lang='lat' dir='ltr'>ta-</span> 
     </span>
     <span class='ocr_line' id='line_1_15' title="bbox 300 2246 1153 2346; baseline -0.001 -25"><span class='ocrx_word' id='word_1_84' title='bbox 300 2273 379 2321; x_wconf 87' lang='lat' dir='ltr'>men</span> <span class='ocrx_word' id='word_1_85' title='bbox 408 2272 477 2321; x_wconf 88' lang='lat' dir='ltr'>non</span> <span class='ocrx_word' id='word_1_86' title='bbox 503 2246 669 2346; x_wconf 82' lang='lat' dir='ltr'>appetivit</span> <span class='ocrx_word' id='word_1_87' title='bbox 693 2271 732 2321; x_wconf 89' lang='lat' dir='ltr'>se</span> <span class='ocrx_word' id='word_1_88' title='bbox 758 2271 835 2321; x_wconf 85' lang='lat' dir='ltr'>esse</span> <span class='ocrx_word' id='word_1_89' title='bbox 852 2246 923 2321; x_wconf 89' lang='lat' dir='ltr'>deo</span> <span class='ocrx_word' id='word_1_90' title='bbox 948 2247 1090 2321; x_wconf 83' lang='lat' dir='ltr'>similem</span> <span class='ocrx_word' id='word_1_91' title='bbox 1120 2249 1153 2320; x_wconf 89' lang='lat' dir='ltr'>in</span> 
     </span>
     <span class='ocr_line' id='line_1_16' title="bbox 258 2361 1154 2462; baseline -0.003 -24"><span class='ocrx_word' id='word_1_92' title='bbox 258 2401 283 2453; x_wconf 75' lang='grc' dir='ltr'>ις</span> <span class='ocrx_word' id='word_1_93' title='bbox 300 2362 466 2462; x_wconf 84' lang='lat' dir='ltr'>potentia,</span> <span class='ocrx_word' id='word_1_94' title='bbox 484 2361 546 2435; x_wconf 89' lang='lat' dir='ltr'>sed</span> <span class='ocrx_word' id='word_1_95' title='bbox 566 2362 598 2434; x_wconf 90' lang='lat' dir='ltr'>in</span> <span class='ocrx_word' id='word_1_96' title='bbox 616 2361 761 2435; x_wconf 82' lang='lat' dir='ltr'>scientia</span> <span class='ocrx_word' id='word_1_97' title='bbox 775 2362 856 2435; x_wconf 88' lang='lat' dir='ltr'>boni</span> <span class='ocrx_word' id='word_1_98' title='bbox 871 2378 1000 2436; x_wconf 82' lang='lat' dir='ltr'>tuntum</span> <span class='ocrx_word' id='word_1_99' title='bbox 1015 2379 1051 2435; x_wconf 85' lang='lat' dir='ltr'>et</span> <span class='ocrx_word' id='word_1_100' title='bbox 1064 2363 1154 2453; x_wconf 82' lang='lat' dir='ltr'>mali,</span> 
     </span>
     <span class='ocr_line' id='line_1_17' title="bbox 299 2477 1151 2578; baseline -0.004 -25"><span class='ocrx_word' id='word_1_101' title='bbox 299 2478 395 2578; x_wconf 91' lang='lat' dir='ltr'>quod</span> <span class='ocrx_word' id='word_1_102' title='bbox 425 2478 526 2551; x_wconf 84' lang='lat' dir='ltr'>etiam</span> <span class='ocrx_word' id='word_1_103' title='bbox 558 2477 622 2551; x_wconf 86' lang='lat' dir='ltr'>sibi</span> <span class='ocrx_word' id='word_1_104' title='bbox 649 2495 722 2551; x_wconf 82' lang='lat' dir='ltr'>erat</span> <span class='ocrx_word' id='word_1_105' title='bbox 748 2502 769 2551; x_wconf 82' lang='lat' dir='ltr'>a</span> <span class='ocrx_word' id='word_1_106' title='bbox 795 2496 912 2552; x_wconf 82' lang='lat' dir='ltr'>natura</span> <span class='ocrx_word' id='word_1_107' title='bbox 941 2502 1151 2577; x_wconf 81' lang='lat' dir='ltr'>persuasum.</span> 
     </span>
     <span class='ocr_line' id='line_1_18' title="bbox 300 2593 1154 2696; baseline -0.002 -29"><span class='ocrx_word' id='word_1_108' title='bbox 300 2593 411 2696; x_wconf 90' lang='lat' dir='ltr'>Quod</span> <span class='ocrx_word' id='word_1_109' title='bbox 428 2610 542 2668; x_wconf 85' lang='lat' dir='ltr'>autem</span> <span class='ocrx_word' id='word_1_110' title='bbox 556 2595 663 2667; x_wconf 85' lang='lat' dir='ltr'>verba</span> <span class='ocrx_word' id='word_1_111' title='bbox 677 2594 749 2667; x_wconf 81' lang='lat' dir='ltr'>illa:</span> <span class='ocrx_word' id='word_1_112' title='bbox 768 2593 805 2668; x_wconf 87' lang='lat' dir='ltr'>Si</span> <span class='ocrx_word' id='word_1_113' title='bbox 819 2593 928 2666; x_wconf 81' lang='lat' dir='ltr'><strong><em>Adam</em></strong></span> <span class='ocrx_word' id='word_1_114' title='bbox 942 2619 1005 2666; x_wconf 83' lang='lat' dir='ltr'>nou</span> <span class='ocrx_word' id='word_1_115' title='bbox 1014 2606 1154 2692; x_wconf 78' lang='lat' dir='ltr'><em>peccas-</em></span> 
     </span>
     <span class='ocr_line' id='line_1_19' title="bbox 297 2708 1153 2805; baseline 0.001 -24"><span class='ocrx_word' id='word_1_116' title='bbox 297 2717 347 2782; x_wconf 72' lang='lat' dir='ltr'>set</span> <span class='ocrx_word' id='word_1_117' title='bbox 362 2711 425 2785; x_wconf 71' lang='grc' dir='ltr'>διο.</span> <span class='ocrx_word' id='word_1_118' title='bbox 456 2725 491 2782; x_wconf 85' lang='lat' dir='ltr'>te</span> <span class='ocrx_word' id='word_1_119' title='bbox 517 2709 550 2781; x_wconf 87' lang='lat' dir='ltr'>iu</span> <span class='ocrx_word' id='word_1_120' title='bbox 576 2708 747 2783; x_wconf 82' lang='lat' dir='ltr'>sententia</span> <span class='ocrx_word' id='word_1_121' title='bbox 771 2709 986 2797; x_wconf 80' lang='lat' dir='ltr'>confirmant,</span> <span class='ocrx_word' id='word_1_122' title='bbox 1009 2708 1090 2805; x_wconf 86' lang='lat' dir='ltr'>quia</span> <span class='ocrx_word' id='word_1_123' title='bbox 1108 2709 1153 2782; x_wconf 80' lang='lat' dir='ltr'>ita</span> 
     </span>
     <span class='ocr_line' id='line_1_20' title="bbox 299 2823 1153 2921; baseline -0.001 -24"><span class='ocrx_word' id='word_1_124' title='bbox 299 2824 444 2898; x_wconf 81' lang='lat' dir='ltr'>sortasse</span> <span class='ocrx_word' id='word_1_125' title='bbox 470 2823 631 2921; x_wconf 78' lang='lat' dir='ltr'>peccavit</span> <span class='ocrx_word' id='word_1_126' title='bbox 657 2826 736 2913; x_wconf 87' lang='lat' dir='ltr'>Eva,</span> <span class='ocrx_word' id='word_1_127' title='bbox 757 2841 878 2897; x_wconf 85' lang='lat' dir='ltr'>utnon</span> <span class='ocrx_word' id='word_1_128' title='bbox 897 2823 1153 2898; x_wconf 85' lang='lat' dir='ltr'>merueritred-</span> 
     </span>
     <span class='ocr_line' id='line_1_21' title="bbox 255 2938 1153 3038; baseline -0.003 -22"><span class='ocrx_word' id='word_1_129' title='bbox 255 2980 287 3016; x_wconf 70' lang='grc' dir='ltr'>ιο</span> <span class='ocrx_word' id='word_1_130' title='bbox 297 2940 521 3038; x_wconf 85' lang='lat' dir='ltr'>emptionem,</span> <span class='ocrx_word' id='word_1_131' title='bbox 540 2939 639 3014; x_wconf 85' lang='lat' dir='ltr'>sicuti</span> <span class='ocrx_word' id='word_1_132' title='bbox 658 2963 725 3013; x_wconf 89' lang='lat' dir='ltr'>nec</span> <span class='ocrx_word' id='word_1_133' title='bbox 742 2938 933 3029; x_wconf 83' lang='lat' dir='ltr'><strong>daemones,</strong></span> <span class='ocrx_word' id='word_1_134' title='bbox 952 2939 1045 3028; x_wconf 85' lang='lat' dir='ltr'>dico,</span> <span class='ocrx_word' id='word_1_135' title='bbox 1056 2940 1153 3036; x_wconf 93' lang='lat' dir='ltr'>quod</span> 
     </span>
     <span class='ocr_line' id='line_1_22' title="bbox 298 3054 1153 3154; baseline -0.001 -25"><span class='ocrx_word' id='word_1_136' title='bbox 298 3073 335 3129; x_wconf 85' lang='lat' dir='ltr'>et</span> <span class='ocrx_word' id='word_1_137' title='bbox 360 3056 434 3154; x_wconf 81' lang='lat' dir='ltr'>ipsa</span> <span class='ocrx_word' id='word_1_138' title='bbox 459 3080 538 3130; x_wconf 90' lang='lat' dir='ltr'>cum</span> <span class='ocrx_word' id='word_1_139' title='bbox 564 3055 674 3129; x_wconf 84' lang='lat' dir='ltr'><strong>Adam</strong></span> <span class='ocrx_word' id='word_1_140' title='bbox 702 3054 881 3152; x_wconf 82' lang='lat' dir='ltr'>redempta</span> <span class='ocrx_word' id='word_1_141' title='bbox 906 3054 978 3143; x_wconf 86' lang='lat' dir='ltr'>suit,</span> <span class='ocrx_word' id='word_1_142' title='bbox 1005 3054 1086 3151; x_wconf 81' lang='lat' dir='ltr'>quia</span> <span class='ocrx_word' id='word_1_143' title='bbox 1116 3080 1153 3128; x_wconf 87' lang='lat' dir='ltr'>os</span> 
     </span>
     <span class='ocr_line' id='line_1_23' title="bbox 265 3169 1154 3246; baseline -0.002 -2"><span class='ocrx_word' id='word_1_144' title='bbox 265 3169 268 3173; x_wconf 75' lang='grc'>’</span> <span class='ocrx_word' id='word_1_145' title='bbox 298 3169 341 3244; x_wconf 80' lang='lat' dir='ltr'>de</span> <span class='ocrx_word' id='word_1_146' title='bbox 369 3171 495 3246; x_wconf 82' lang='lat' dir='ltr'>ossibus</span> <span class='ocrx_word' id='word_1_147' title='bbox 525 3170 603 3244; x_wconf 78' lang='lat' dir='ltr'>meis</span> <span class='ocrx_word' id='word_1_148' title='bbox 632 3178 665 3243; x_wconf 75' lang='lat' dir='ltr'>et</span> <span class='ocrx_word' id='word_1_149' title='bbox 691 3194 768 3244; x_wconf 81' lang='lat' dir='ltr'><em>caro</em></span> <span class='ocrx_word' id='word_1_150' title='bbox 798 3170 840 3243; x_wconf 84' lang='lat' dir='ltr'>de</span> <span class='ocrx_word' id='word_1_151' title='bbox 868 3194 966 3243; x_wconf 82' lang='lat' dir='ltr'><em>came</em></span> <span class='ocrx_word' id='word_1_152' title='bbox 995 3194 1077 3242; x_wconf 86' lang='lat' dir='ltr'><strong><em>mea.</em></strong></span> <span class='ocrx_word' id='word_1_153' title='bbox 1112 3171 1154 3243; x_wconf 88' lang='lat' dir='ltr'>Et</span> 
     </span>
     <span class='ocr_line' id='line_1_24' title="bbox 298 3285 1151 3385; baseline -0.002 -25"><span class='ocrx_word' id='word_1_154' title='bbox 298 3311 506 3385; x_wconf 78' lang='lat' dir='ltr'>quamquam</span> <span class='ocrx_word' id='word_1_155' title='bbox 524 3312 592 3361; x_wconf 87' lang='lat' dir='ltr'>non</span> <span class='ocrx_word' id='word_1_156' title='bbox 610 3303 741 3384; x_wconf 78' lang='lat' dir='ltr'>aperte,</span> <span class='ocrx_word' id='word_1_157' title='bbox 760 3289 882 3385; x_wconf 89' lang='lat' dir='ltr'>procul</span> <span class='ocrx_word' id='word_1_158' title='bbox 905 3285 1012 3359; x_wconf 94' lang='lat' dir='ltr'>dubio</span> <span class='ocrx_word' id='word_1_159' title='bbox 1038 3301 1151 3359; x_wconf 85' lang='lat' dir='ltr'><strong>tamen</strong></span> 
     </span>
     <span class='ocr_line' id='line_1_25' title="bbox 299 3399 1153 3501; baseline -0.004 -26"><span class='ocrx_word' id='word_1_160' title='bbox 299 3401 479 3501; x_wconf 75' lang='lat' dir='ltr'>redempta</span> <span class='ocrx_word' id='word_1_161' title='bbox 495 3418 558 3493; x_wconf 83' lang='lat' dir='ltr'><strong>est,</strong></span> <span class='ocrx_word' id='word_1_162' title='bbox 569 3400 850 3499; x_wconf 83' lang='lat' dir='ltr'>quandoquidem</span> <span class='ocrx_word' id='word_1_163' title='bbox 868 3399 1081 3475; x_wconf 84' lang='lat' dir='ltr'>credendum</span> <span class='ocrx_word' id='word_1_164' title='bbox 1099 3418 1153 3472; x_wconf 86' lang='lat' dir='ltr'>est</span> 
     </span>
    </p>
   </div>
   <div class='ocr_carea' id='block_1_3' title="bbox 346 3550 983 3615">
    <p class='ocr_par' dir='ltr' id='par_1_3' title="bbox 346 3550 983 3615">
     <span class='ocr_line' id='line_1_26' title="bbox 346 3550 983 3615; baseline -0.002 -16"><span class='ocrx_word' id='word_1_165' title='bbox 346 3552 394 3615; x_wconf 66' lang='grc' dir='ltr'><strong>(ιο.</strong></span> <span class='ocrx_word' id='word_1_166' title='bbox 414 3551 453 3615; x_wconf 83' lang='lat'>21)</span> <span class='ocrx_word' id='word_1_167' title='bbox 470 3552 530 3614; x_wconf 70' lang='lat' dir='ltr'>quin</span> <span class='ocrx_word' id='word_1_168' title='bbox 546 3551 624 3615; x_wconf 79' lang='lat' dir='ltr'><strong>(Gen.</strong></span> <span class='ocrx_word' id='word_1_169' title='bbox 642 3551 673 3600; x_wconf 82' lang='grc' dir='ltr'>ΙΙ.</span> <span class='ocrx_word' id='word_1_170' title='bbox 693 3550 732 3614; x_wconf 78' lang='lat'>23)</span> <span class='ocrx_word' id='word_1_171' title='bbox 749 3564 780 3600; x_wconf 81' lang='lat' dir='ltr'>os</span> <span class='ocrx_word' id='word_1_172' title='bbox 797 3563 829 3600; x_wconf 79' lang='lat' dir='ltr'>ex</span> <span class='ocrx_word' id='word_1_173' title='bbox 845 3550 948 3600; x_wconf 73' lang='lat' dir='ltr'>ossibus</span> <span class='ocrx_word' id='word_1_174' title='bbox 963 3562 983 3599; x_wconf 84' lang='lat' dir='ltr'>c.</span> 
     </span>
    </p>
   </div>
   <div class='ocr_carea' id='block_1_4' title="bbox 0 0 1414 4680">
    <p class='ocr_par' dir='ltr' id='par_1_4' title="bbox 0 0 1414 4680">
     <span class='ocr_line' id='line_1_27' title="bbox 0 0 1414 4680; baseline 0 0"><span class='ocrx_word' id='word_1_175' title='bbox 0 0 1414 4680; x_wconf 95' lang='lat' dir='ltr'> </span> 
     </span>
    </p>
   </div>
  </div>
 </body>
</html>
