2820 4680
840 610 893 682 rm

440 773 481 849 lis
502 773 577 848 dies
597 790 633 847 et
654 774 729 848 finis
749 774 828 849 vitre
845 773 979 847 vivendi
998 772 1124 846 initium
1143 769 1289 850 dederit.

441 888 613 989 quoniam,
637 905 673 963 ut
690 889 798 988 inquit
818 891 943 962 Paulus
960 890 1149 986 apostolus,
1169 886 1291 961 talibus

441 1005 554 1080 vivere
571 1004 729 1079 Christus
746 1023 799 1079 est
820 1021 857 1079 et
874 1003 958 1078 mori
982 1006 1124 1094 lucrum,
1139 1003 1220 1102 quia
1233 1002 1289 1076 tali

443 1124 507 1196 hac
521 1137 632 1194 morte
645 1121 745 1195 vitam
759 1120 822 1195 sibi
836 1136 985 1194 meretur
993 1136 1167 1194 aeternam.
1180 1116 1290 1218 Quod

415 1266 425 1318 ς
442 1235 858 1335 profectoseniliquadam
870 1235 1091 1334 intelligentia
1099 1257 1291 1332 agnoscere

441 1351 530 1426 visus
555 1368 619 1441 est,
637 1376 716 1425 cum
736 1368 802 1425 tam
822 1350 900 1425 forti
917 1369 953 1425 et
970 1349 1053 1423 virili
1070 1349 1184 1424 animo
1201 1373 1292 1422 mor·

441 1485 509 1541 tem
544 1490 729 1565 perpessus
762 1466 815 1554 sit,
851 1484 886 1540 ut
921 1490 1023 1540 nemo
1057 1490 1134 1539 eum
1170 1464 1292 1538 dolere

440 1582 624 1681 aspexerit,
651 1582 713 1655 sed
740 1581 856 1680 quoad
883 1582 940 1680 pie
967 1581 1038 1655 fieri
1065 1597 1182 1679 potest
1215 1605 1290 1654 eam

441 1697 579 1772 summis
592 1698 754 1795 precibus
767 1714 922 1796 optaret;
942 1697 1075 1772 sciebat
1088 1696 1178 1770 enim
1196 1721 1234 1770 se
1247 1695 1291 1769 ad

399 1850 428 1885 10
443 1813 618 1888 meliorem
637 1813 737 1887 vitam
758 1814 1003 1911 proiecturum,
1023 1811 1080 1886 ubi
1098 1835 1190 1885 mors
1208 1813 1293 1885 ultra

443 1955 511 2003 non
536 1929 601 2003 erit
627 1954 693 2003 nec
719 1932 830 2003 luctus
849 1953 963 2026 neque
979 1928 1091 2018 dolor,
1109 1945 1146 2001 et
1162 1952 1239 2001 cum
1260 1926 1292 1998 in

372 2058 375 2063 '
443 2048 508 2119 hac
521 2045 589 2118 vita
602 2061 762 2142 tanquam
776 2043 910 2118 advena
922 2059 1015 2117 esset
1028 2059 1065 2116 et
1083 2040 1291 2140 peregrinus,
1344 2052 1347 2057 '

441 2160 487 2234 de
505 2159 609 2233 exilio
625 2158 669 2233 ad
688 2159 841 2257 patriam,
859 2158 906 2232 de
924 2158 1058 2232 miseria
1074 2157 1118 2232 ad
1136 2156 1290 2256 gloriam,

441 2276 487 2350 de
505 2275 709 2349 mortalitate
725 2274 770 2349 ad
788 2274 1072 2349 immortalitatem
1086 2297 1242 2372 pergere.

400 2421 425 2473 ις
490 2393 545 2464 Te
580 2391 678 2488 igitur
710 2415 828 2464 senem
861 2391 1032 2465 Valerium
1068 2390 1170 2464 filium
1201 2406 1293 2462 tuum

442 2531 584 2605 puerum
615 2506 732 2580 imitari
764 2532 832 2580 non
864 2506 1003 2604 pudeat,
1034 2506 1091 2604 qui
1117 2505 1177 2578 tibi
1207 2505 1293 2577 viam

442 2622 661 2721 prescripsit,
671 2647 740 2720 qua
754 2639 898 2697 mortem
912 2647 1005 2696 suam
1017 2639 1294 2719 caeterorumque

441 2755 575 2812 tuorum
595 2739 684 2812 serre
701 2737 820 2812 debes.
844 2737 1059 2827 Recordare,
1078 2737 1202 2835 quibus
1220 2761 1294 2809 ver-

442 2853 505 2944 bis,
519 2872 646 2952 quanta
658 2854 866 2951 eloquentia,
885 2869 1013 2951 quanta
1027 2853 1203 2950 gravitate,
1213 2852 1293 2925 dum

399 3005 429 3040 ιο
443 2987 632 3044 extremum
642 2969 705 3042 sibi
718 2969 810 3043 diem
825 2969 949 3043 instare
963 2968 1105 3057 videret,
1115 2985 1150 3041 te
1164 2983 1294 3065 patrem

443 3087 696 3174 consolabatur,
725 3086 931 3173 hortabatur,
969 3109 1011 3157 ne
1036 3108 1115 3157 eum
1142 3082 1294 3156 muliebri

443 3217 539 3274 veste
565 3200 700 3275 indutus
726 3203 843 3298 lugere
869 3202 985 3281 velles,
1012 3223 1089 3273 cum
1125 3200 1235 3272 luctus
1260 3216 1296 3271 et

443 3315 593 3412 lugubris
618 3314 815 3389 lamentatio
840 3314 884 3388 ad
912 3314 1069 3388 mulieres
1096 3312 1294 3401 imbecilles,

444 3455 513 3503 non
531 3430 574 3503 ad
601 3431 691 3504 viros
718 3431 824 3505 sortes
841 3448 946 3528 atque
968 3429 1201 3528 magnanimos
1219 3454 1296 3527 per-

492 3577 526 3639 (7¹
543 3578 636 3628 dolore
650 3578 680 3628 C
