2820 4680
830 624 886 683 ²¹4

429 783 570 857 arbitrio
580 800 615 857 et
624 781 780 856 bonitate
790 797 920 855 naturae
930 804 999 853 non
1010 778 1225 853 contradico.
1239 819 1285 830 -

432 901 492 973 De
519 897 682 972 facilitate
708 922 898 971 consensus
923 896 983 968 viri
1009 895 1110 969 dictis
1137 895 1287 968 mulieris

430 1016 510 1088 volo
537 1038 639 1088 sexus
666 1013 752 1087 illius
770 1013 998 1110 deceptiones
1015 1012 1059 1084 ed
1078 1028 1112 1085 te
1130 1011 1287 1085 scribens

430 1130 567 1205 silentio
577 1129 765 1228 praeterire,
776 1128 838 1202 sed
854 1130 922 1201 hoc
936 1127 1165 1202 vetustissimo
1179 1128 1287 1201 verbo

406 1270 509 1326 smea
527 1245 679 1319 firmetur
705 1244 811 1317 ratio:
842 1245 945 1316 Nulla
971 1242 1077 1340 pestis
1107 1242 1287 1316 efficacior

431 1378 485 1435 est
501 1360 546 1434 ad
575 1360 772 1434 nocendum
799 1384 902 1455 quam
930 1358 1100 1432 familiaris
1118 1358 1284 1431 inimicus.

434 1477 600 1574 Magnum
627 1475 735 1572 prima
761 1491 870 1547 mater
895 1473 1056 1548 excitavit
1078 1473 1286 1562 incendium,

431 1590 528 1689 quod
555 1589 706 1664 nondum
733 1605 848 1662 nostra
879 1589 973 1662 ruina
1002 1589 1189 1662 extinctum
1221 1603 1285 1661 est.

436 1709 520 1780 l·loc
538 1706 717 1779 maximam
735 1704 936 1802 gravitatem
956 1704 1093 1801 peccati
1107 1703 1286 1801 significat.

391 1853 420 1889 ιο
435 1824 525 1894 Nam
551 1820 653 1894 veluti
681 1821 747 1892 illae
774 1820 932 1917 corporis
962 1819 1182 1916 aegritudines
1208 1837 1286 1893 sunt

433 1935 643 2010 difficiliores
669 1960 750 2033 quae
776 1935 885 2009 minus
914 1952 1084 2024 sanantur,
1104 1936 1154 2009 sic
1185 1936 1287 2008 animi

432 2051 521 2124 vitia.
543 2093 587 2103 -
615 2051 648 2124 Si
663 2076 732 2149 ego
750 2051 831 2141 dixi,
851 2076 919 2123 non
937 2050 1074 2141 audias;
1093 2052 1287 2149 asperneris

433 2182 469 2238 et
495 2182 707 2255 contemnas,
735 2164 761 2239 si
779 2165 986 2264 Augustinus
1005 2167 1076 2264 pari
1096 2167 1182 2241 lastu
1200 2191 1287 2239 con-

329 2364 333 2369 ,
433 2280 559 2354 cludit:
591 2279 691 2354 Ratio
720 2289 841 2379 quanto
871 2280 988 2354 diutius
1016 2283 1080 2356 &c
1111 2282 1287 2356 Passionis

393 2429 418 2480 ις
435 2395 607 2469 historiam
634 2397 786 2494 legamus
812 2413 848 2470 et
872 2397 1004 2470 somnia
1027 2397 1151 2486 uxoris,
1183 2399 1287 2470 verba

437 2510 548 2601 Pilati,
568 2535 726 2584 manuum
745 2510 904 2601 lotiones,
924 2512 1097 2585 iudicandi
1108 2513 1232 2610 sugam,
1252 2529 1287 2585 et

435 2652 512 2700 eum
532 2627 640 2724 magis
658 2651 760 2724 quam
775 2626 911 2701 ludaeos
929 2628 1136 2702 intellexisse
1150 2645 1288 2702 senten-

435 2741 515 2814 tiam
543 2741 698 2815 iniustam
726 2742 916 2815 fatebimur.
950 2745 1000 2815 Ex
1034 2743 1158 2839 quibus
1193 2760 1289 2839 patet

434 2872 712 2954 argumentorum
731 2874 923 2929 nostrorum
937 2857 1025 2931 vires
1040 2882 1107 2930 non
1122 2858 1286 2931 deficere.

393 3006 424 3041 ιο
488 2975 580 3045 Haec
615 2971 828 3068 paucissimis
861 2973 974 3046 verbis
1007 2973 1189 3070 explicavi,
1217 2990 1287 3046 tum

483 3261 516 3325 (ι)
534 3262 608 3311 tacite
629 3263 657 3311 V.
691 3263 751 3311 viris
772 3265 798 3311 V.
833 3262 867 3327 (3)
885 3263 1047 3325 deceptionis
1068 3266 1094 3312 V.
1129 3265 1289 3327 (alscilentio

439 3340 493 3390 CV.
513 3340 547 3404 (ς)
557 3341 668 3390 nostras.
683 3342 713 3391 C.
740 3341 774 3406 (7)
787 3356 875 3406 magna
888 3344 914 3391 V.
934 3344 967 3406 (8)
981 3344 1091 3392 nundum
1102 3345 1155 3393 CV.
1173 3345 1207 3408 (9)
1220 3346 1288 3407 Hoc,¹

438 3432 487 3468 nec
507 3422 533 3468 V.
569 3420 618 3484 (η)
638 3422 701 3470 vicia
727 3421 780 3470 CV.
831 3422 881 3485 (η)
906 3432 1072 3485 contempnas
1094 3426 1120 3471 V.
1155 3425 1238 3474 saustu
1262 3427 1288 3474 V.

437 3500 487 3562 (14)
515 3500 563 3548 &c
583 3514 629 3549 om.
655 3503 681 3549 V.
732 3502 781 3566 (¹9)
810 3510 955 3551 nostrorum
979 3517 1025 3551 om.
1049 3505 1075 3550 V.
1116 3503 1240 3553 defficere
1262 3507 1288 3553 V.

437 3578 489 3642 (zo)
504 3579 563 3629 Nec
579 3593 605 3642 p.
623 3595 646 3629 v.
666 3582 786 3643 explicari
807 3583 834 3630 V.
