2820 4680
564 619 621 676 2³9

163 775 258 849 lonte
284 790 408 848 manat.
436 776 478 847 Et
492 799 536 847 ne
553 775 598 847 ab
615 773 805 871 Augustino
823 770 1012 859 discedam,

162 892 243 966 dum
265 889 371 964 voluit
393 892 464 964 Eva
484 913 607 987 rapere
622 888 845 979 divinitatem,
864 888 1016 986 perdidit

163 1006 373 1082 felicitatem.
391 1007 508 1080 Verba
524 1030 667 1103 quoque
685 1004 759 1079 illa:
778 1003 816 1079 Si
825 1003 936 1078 Adam
949 1029 1014 1077 non

159 1130 330 1221 peccasset
356 1123 420 1198 dc.
453 1146 509 1194 me
538 1121 572 1194 in
601 1120 771 1195 sententia
787 1121 1011 1208 confirmant;

162 1237 244 1336 quia
260 1237 307 1311 ita
324 1236 468 1311 sortasse
486 1236 647 1334 peccavit
669 1237 749 1324 Eva,
769 1253 804 1310 ut
822 1237 1012 1326 daemones,
1046 1269 1056 1317 s

162 1352 221 1451 qui
235 1352 510 1450 redemptionem
529 1378 597 1425 non
621 1368 826 1426 meruerunt.
850 1354 920 1426 lso.
937 1351 1013 1426 Nisi

161 1493 208 1542 ex
233 1485 291 1543 tua
312 1467 376 1543 ista
395 1468 588 1542 subrisione
607 1467 687 1541 mihi
704 1467 1013 1565 exploratissimum

162 1600 255 1658 esset
280 1584 342 1657 abs
368 1600 403 1657 te
433 1583 514 1659 ioco
531 1583 634 1658 etiam
652 1583 769 1681 aliquo
787 1581 909 1657 tentari
927 1582 1014 1681 pati-

162 1699 289 1773 entiam
316 1724 440 1788 meam,
459 1724 528 1772 non
548 1700 672 1773 serrem
691 1715 726 1773 te
749 1699 897 1773 ulterius.
919 1701 1012 1773 Pno.

163 1815 233 1890 Sed
258 1815 340 1889 lelix
366 1814 427 1889 luit
447 1816 535 1890 Adae
561 1818 673 1913 culpa,
699 1840 782 1912 quae
806 1816 908 1888 talem
943 1840 1015 1889 me·
1030 1848 1060 1885 ιο

163 1931 228 2005 ruit
237 1934 366 2006 habere
375 1932 641 2029 redemptorem.
655 1973 700 1985 -
712 1932 771 2029 De
781 1931 926 2029 paritate
935 1956 1016 2029 poe·

164 2046 402 2146 nae,quoniam
417 2051 583 2146 pleraque
596 2072 700 2146 supra
711 2046 900 2121 audivimus
917 2047 961 2121 ad
979 2046 1014 2121 id

162 2163 313 2238 adducta
351 2163 581 2253 disertissime,
613 2165 681 2237 hoc
720 2188 823 2237 unum
852 2187 1013 2252 asseram,

162 2303 284 2352 omnes
308 2278 368 2351 viri
395 2303 520 2376 poenas
555 2279 730 2352 mulierem
757 2278 847 2377 pati;
874 2269 956 2377 quin
978 2293 1015 2352 et

161 2420 241 2469 cum
268 2395 501 2494 multiplicatae
529 2412 608 2470 sunt
635 2395 710 2469 eius
738 2420 913 2484 aerumnae,
944 2420 1013 2468 non
1030 2428 1056 2478 ις

161 2511 271 2585 solum
285 2511 412 2585 sudore
429 2511 556 2586 victum
574 2511 708 2608 quaerit,
727 2511 878 2598 moritur,
898 2510 1014 2609 prohi-

162 2628 263 2699 betur
279 2650 342 2723 per
359 2625 538 2700 Cherubin
556 2641 593 2700 et
609 2627 787 2701 flammeos
803 2626 937 2725 gladios
954 2649 1014 2700 ac·

162 2766 262 2816 cessu
294 2741 452 2840 paradisi,
478 2741 541 2817 sed
569 2745 655 2818 ultra
687 2742 811 2837 omnia¹
827 2767 908 2839 quae
933 2765 1013 2816 cum

161 2856 234 2931 viro
264 2858 309 2931 illi
338 2875 417 2932 sunt
445 2858 642 2933 communia
670 2862 745 2933 sola
773 2882 852 2933 cum
890 2858 1013 2932 dolore

162 2972 249 3069 parit
273 2988 310 3046 et
326 2973 400 3048 viro
416 2973 553 3048 subdita
569 2991 632 3048 est.
655 2976 835 3048 Hactenus
853 2990 939 3071 puto
956 2990 1013 3048 tua
1027 3009 1058 3046 ιο

161 3105 360 3186 argumenta
384 3112 405 3163 a
430 3113 486 3163 me
503 3089 583 3164 satis
600 3113 678 3163 esse
695 3089 902 3187 impugnata,
921 3113 1013 3164 nunc

160 3203 205 3277 ad
220 3228 374 3278 meorum
388 3204 684 3279 confirmationem
693 3204 839 3280 accedo.
851 3203 1013 3278 Credidit

162 3320 233 3394 Eva
270 3320 340 3394 deo
374 3319 490 3395 similis
525 3319 596 3394 fieri
632 3337 669 3393 et
697 3319 852 3395 invidens
881 3320 1012 3419 optavit

160 3434 257 3532 quod
278 3435 429 3534 spiritum
444 3453 598 3511 sanctum
617 3435 763 3510 maxime
781 3435 884 3511 laedit.
904 3438 1012 3511 lmmo

161 3550 272 3626 omnis
283 3550 371 3626 Adae
383 3554 487 3651 culpa
501 3553 581 3627 Evae
594 3551 808 3641 adscribitur,
821 3551 903 3650 quia
923 3569 1012 3627 teste
1026 3587 1053 3640 ις
