2820 4680
815 600 875 657 4¹4

418 755 507 829 enim
528 754 614 827 illius
640 754 672 826 in
700 779 870 852 pauperes
887 753 1017 828 Christi
1036 755 1270 829 misericordia

418 895 461 944 ac
483 869 666 954 liberalitas
700 869 772 960 suit,
807 891 887 962 quae
921 894 999 943 cum
1029 894 1074 944 ex
1109 871 1161 945 his
1190 893 1270 964 quae

419 985 557 1083 publice
589 983 826 1059 mendicantur
843 984 968 1059 nemini
987 984 1138 1077 deesset,
1162 988 1269 1061 multo

419 1118 531 1175 tamen
558 1102 673 1198 plures
697 1102 839 1174 occulto
864 1102 1101 1175 sustentabat?
1120 1100 1157 1174 ld
1178 1101 1268 1175 enim

391 1215 681 1315 sprudentissime
715 1233 751 1290 ut
785 1232 904 1290 cetera
938 1215 1088 1290 faciebat
1129 1216 1270 1315 egregia

418 1333 555 1420 mulier;
576 1349 718 1406 noverat
735 1331 826 1406 enim
841 1333 940 1405 Ihesu
959 1331 1102 1406 Christo
1127 1331 1270 1406 domino

418 1466 536 1522 nostro
569 1447 844 1545 acceptissimam
878 1471 956 1520 esse
981 1447 1216 1538 elemosinam,
1243 1448 1271 1521 si

418 1565 568 1638 archana
584 1580 620 1635 et
637 1563 700 1637 soli
719 1561 788 1636 deo
815 1561 956 1660 cognita
981 1562 1110 1637 suisset
1142 1566 1270 1637 Verum

418 1677 514 1776 quod
533 1678 564 1750 in
584 1678 653 1752 vita
670 1678 775 1766 latuit,
795 1678 827 1750 in
846 1694 957 1751 morte
984 1677 1183 1752 necessario
1209 1703 1271 1776 pa-

377 1831 405 1866 10
419 1794 490 1869 tuit.
514 1794 614 1892 Piget
632 1793 814 1881 reminisci,
833 1815 921 1886 quos
939 1796 1106 1892 planctus,
1125 1818 1205 1890 quae
1222 1794 1271 1867 la-

418 1927 534 1984 menta
551 1909 657 1983 modo
676 1908 739 1983 iam
768 1934 830 2007 per
857 1911 976 1983 urbem
1004 1906 1165 1983 exaudita
1190 1907 1269 1983 sint.

418 2024 583 2124 Undique
601 2025 833 2123 personabant
851 2024 968 2123 populi
987 2048 1094 2099 voces
1111 2024 1271 2122 omnipo-

418 2141 519 2215 tentis
537 2141 595 2214 dei
614 2139 824 2238 implorantis
837 2140 952 2213 lidem.
963 2142 1027 2214 Vae
1042 2139 1183 2229 miseris,
1194 2140 1270 2238 qui-

418 2259 481 2331 bus
503 2273 680 2355 parentem
706 2255 870 2353 optimam
898 2257 976 2329 haec
1002 2272 1075 2330 atra
1100 2254 1176 2329 dies
1201 2273 1269 2329 tam

377 2412 402 2460 ις
418 2373 532 2447 subito
549 2372 683 2469 eripuit.
712 2374 796 2473 Qua
815 2396 859 2445 ex
886 2395 923 2444 re
942 2370 1043 2445 lacile
1065 2369 1271 2460 declaratur,

418 2514 520 2586 quam
540 2488 745 2577 misericors,
764 2513 866 2585 quam
886 2487 1034 2585 benigna
1060 2489 1138 2561 haec
1157 2485 1270 2575 suerit,

419 2629 486 2678 nec
503 2603 569 2678 alia
585 2603 725 2701 quidem
756 2602 869 2700 potuit
892 2627 982 2691 esse,
1009 2627 1090 2698 quae
1115 2601 1271 2701 religioni

420 2718 631 2794 deditissima
649 2718 721 2806 suit,
739 2743 784 2790 ex
797 2744 869 2815 quo
883 2717 1096 2815 potissimum
1111 2733 1271 2815 tempore

421 2835 523 2910 lrater
557 2835 718 2908 Silvester
743 2833 950 2907 Christianae
968 2831 1048 2906 fidei
1066 2832 1273 2907 clarissimus
1367 2822 1370 2829 ’

377 2990 407 3026 ιο
419 2953 548 3025 athleta
563 2949 771 3023 Vincentino
790 2950 921 3047 populo
951 2965 1131 3047 praecepta
1155 2947 1271 3023 divina

421 3065 562 3140 mirilice
581 3065 729 3150 tradidit,
755 3064 880 3162 quibus
905 3082 942 3139 et
959 3065 1015 3139 illa
1040 3065 1204 3163 frequens
1221 3063 1272 3136 in-

420 3181 535 3256 tersuit
544 3199 580 3255 et
589 3207 627 3255 se
637 3198 712 3255 toto
723 3197 869 3279 pectore
877 3179 1026 3255 devovit.
1038 3183 1087 3254 lta
1097 3180 1130 3253 id
1139 3204 1219 3254 esse
1227 3204 1272 3252 ex

419 3297 655 3396 operibussuis
665 3296 766 3370 sacile
775 3295 932 3395 dignosci
943 3312 1272 3395 potest,quanquam

453 3562 485 3624 (9.
506 3570 544 3626 ιο)
562 3561 708 3612 necessari·
723 3561 848 3624 patuisset
865 3561 895 3612 G
930 3558 1156 3627 (13JVkoelC
