2820 4680
663 554 697 600 21

252 707 429 783 mirificam
456 707 719 784 benivolentiam
747 732 844 806 gero,
871 731 973 808 quam
1008 724 1103 807 post-

254 846 357 922 quam
378 841 477 923 grato
497 849 673 924 aequoque
702 823 817 898 animo
846 839 881 897 te
910 823 1104 922 suscepisse

254 941 468 1031 intellexero,
495 938 613 1039 quoad
634 941 730 1014 voles
747 941 972 1014 conservabo.
999 941 1105 1014 Amor

253 1056 346 1132 enim
384 1054 584 1130 relationem
618 1071 705 1130 avet
734 1056 879 1130 Laurum
913 1078 998 1154 ergo
1031 1070 1102 1129 tum

254 1171 406 1270 plurimis
430 1170 503 1246 aliis
528 1169 640 1246 causis
664 1193 779 1246 amare
812 1169 933 1261 debes,
960 1186 1030 1245 tum
1048 1171 1102 1243 vel
1136 1204 1144 1255 ς

254 1286 434 1385 praecipue
451 1285 548 1384 quod
565 1310 703 1385 semper
724 1285 871 1376 virescit,
889 1287 937 1360 ob
959 1284 994 1359 id
1011 1285 1102 1360 enim

254 1401 404 1501 Apollini
421 1418 482 1476 tuo
504 1400 575 1476 deo
587 1400 765 1500 sapientire
778 1402 1007 1475 consecrabat
1018 1425 1104 1498 gen·

255 1518 366 1593 tilitas.
395 1517 465 1592 Sed
490 1517 588 1591 latius
613 1516 706 1606 alias,
729 1533 765 1590 ut
791 1532 935 1614 uterque
953 1533 1103 1591 nostrum

255 1649 446 1732 competet,
464 1630 616 1707 honestis
633 1631 766 1706 facetiis
783 1630 982 1706 iocabimur.
1010 1632 1106 1706 Cura

257 1765 293 1823 ut
318 1751 431 1823 valeas
448 1763 485 1822 et
501 1746 601 1822 stude
620 1764 655 1821 ut
671 1746 795 1845 sapias,
813 1762 850 1820 et
874 1763 910 1822 ut
933 1770 1105 1846 generose
1121 1778 1151 1814 ιο

258 1864 344 1939 lacis
369 1862 545 1962 Ypolitum
573 1861 714 1953 imitare,
741 1861 992 1962 philosophiam
1022 1886 1105 1936 vero

256 1980 290 2052 in
320 1978 453 2053 deliciis
478 1979 568 2052 habe
593 1977 697 2076 eique
722 2002 844 2051 omnes
869 1994 946 2052 tuos
971 2001 1105 2052 amores

256 2094 463 2192 conglutina.
476 2092 571 2166 Nihil
584 2092 675 2167 enim
685 2092 1105 2192 philosophiaformosius,

257 2208 338 2283 nihil
367 2207 552 2307 pulchrius,
582 2207 662 2281 nihil
687 2207 874 2299 amabilius,
906 2225 942 2282 ut
974 2207 1106 2282 Cicero

257 2340 375 2398 noster
390 2314 397 2333 '
410 2322 562 2414 dicebat,
599 2347 668 2422 ego
705 2347 788 2397 vero
821 2322 935 2398 lorsan
968 2322 1105 2413 rectius,
1123 2355 1147 2406 15

257 2438 339 2512 nihil
357 2437 575 2537 philosophia
600 2437 632 2511 in
658 2439 761 2512 rebus
777 2438 931 2512 humanis
951 2437 1105 2512 divinius.

260 2555 354 2628 Haec
371 2553 461 2628 enim
480 2553 591 2644 unica,
608 2552 818 2627 sanctissima
839 2552 1018 2653 disciplina
1042 2568 1106 2643 est,

258 2693 339 2768 quae
371 2692 486 2742 veram
514 2668 715 2767 sapientiam
744 2667 873 2743 edocet
906 2686 942 2742 et
975 2685 1106 2742 rectum

256 2783 392 2857 vivendi
419 2783 557 2859 modum
575 2783 717 2874 instruit,
735 2808 779 2857 ex
793 2809 864 2882 quo
882 2784 929 2875 lit,
949 2800 985 2858 ut
1001 2782 1106 2881 ignari

258 2899 358 2973 huius
371 2923 439 2972 non
454 2898 561 2973 modo
574 2898 716 2998 turpiter
724 2897 787 2973 sed
801 2898 902 2973 etiam
912 2896 1107 2997 perniciose
1122 2936 1153 2970 ιο

258 3013 437 3114 pervitam
455 3013 600 3089 obirent
622 3013 773 3088 Proinde
787 3013 867 3089 huic
881 3014 936 3089 uni
950 3013 1010 3104 rei,
1020 3028 1107 3104 toto,

305 3269 389 3333 (alte
412 3283 459 3319 om.
492 3269 520 3319 V.
554 3268 588 3334 (4)
612 3270 675 3333 tum]
700 3278 784 3319 tamen
804 3269 832 3319 V.
866 3268 900 3334 (ς)
923 3269 986 3331 tum]
1011 3269 1057 3317 nisi
1075 3268 1105 3318 C.

258 3349 460 3414 (ylapolinicl'.
495 3350 545 3414 (ιι)
555 3349 672 3412 lpolitum
684 3349 712 3399 V.
746 3348 959 3412 (raleglutinac
994 3349 1108 3412 (salpul-

258 3430 329 3481 crius
358 3430 385 3478 V.
419 3430 469 3493 (ις)
493 3429 592 3479 diceret
617 3429 671 3479 CV.
705 3429 755 3493 (17)
782 3429 849 3478 enlm
874 3429 922 3478 bec
949 3430 976 3478 V.
1009 3427 1060 3491 (19)
1076 3441 1108 3476 ec

258 3523 315 3572 quo
332 3509 363 3559 e.
389 3508 608 3573 (zuloblerentc
627 3509 723 3558 uniom.
737 3509 765 3557 V.
788 3516 842 3558 tota
862 3507 889 3557 V.
