2820 4680
838 590 892 656 ¹7⁰

438 747 600 821 indultum
635 747 688 836 sit,
724 748 875 821 habenas
910 747 1048 822 rationis
1087 768 1289 820 revocemus

437 887 502 936 nec
527 861 683 936 dolorem
711 881 861 937 nostrum
893 863 1025 960 longius
1055 862 1167 960 vagari
1199 861 1288 934 sina-

436 1002 518 1052 mus.
547 979 673 1076 Tuque
708 978 868 1075 inprimis,
904 978 952 1050 vir
980 977 1177 1065 clarissime,
1208 1002 1286 1050 cum

436 1117 557 1191 magna
583 1096 654 1168 laus
679 1093 721 1168 sit
747 1113 782 1167 et
807 1094 1014 1167 admirabilis
1042 1093 1157 1167 tulisse
1186 1116 1286 1166 casus

408 1240 417 1290 r
433 1209 606 1307 sapienter
617 1209 792 1298 adversos,
809 1236 875 1283 non
891 1210 1033 1285 lractum
1048 1234 1125 1283 esse
1141 1208 1285 1298 sortuna,

433 1325 612 1400 retinuisse
635 1326 666 1398 in
686 1328 787 1400 rebus
805 1327 935 1424 asperis
952 1326 1165 1423 dignitatem,
1185 1343 1220 1397 et
1238 1350 1283 1397 eo

433 1441 550 1539 magis,
581 1467 659 1516 cum
692 1442 770 1514 nihil
801 1443 842 1515 sit
874 1441 1041 1515 infelicius
1066 1467 1122 1528 eo,
1150 1443 1284 1515 Seneca

432 1574 596 1631 testante:
613 1558 681 1631 Cui
696 1558 775 1630 nihil
789 1559 904 1631 evenit
917 1558 1061 1646 adversi,
1073 1559 1160 1630 male
1170 1557 1215 1630 de
1226 1557 1283 1629 illo

432 1673 477 1746 dii
493 1673 735 1747 iudicaverunt.
759 1675 936 1773 Philippus
954 1700 1013 1747 rex
1033 1673 1281 1759 Macedonum,

389 1818 417 1853 ιο
429 1814 507 1863 cum
532 1816 600 1863 uno
619 1807 775 1888 tempore
794 1808 862 1864 tres
880 1790 947 1864 laeti
967 1789 1071 1863 nuntii
1089 1789 1153 1862 sibi
1172 1788 1281 1862 venis·

429 1925 515 1994 sent,
530 1907 657 2003 primus
671 1905 766 2004 quod
781 1907 1018 2005 quadrigarum
1037 1929 1137 1979 cursu
1158 1907 1280 2003 Olym·

429 2021 485 2119 pia
509 2021 660 2109 vicisset,
687 2022 859 2096 secundus
885 2022 980 2119 quod
1006 2021 1188 2095 Parmenio
1206 2020 1280 2093 eius

429 2135 496 2209 dux
511 2137 708 2210 Dardanios
718 2163 831 2236 pugna
841 2155 1046 2236 superasset,
1058 2137 1175 2211 tertius
1185 2135 1279 2233 quod

428 2252 610 2350 Olympias
621 2252 722 2325 lilium
734 2255 918 2327 masculum
930 2250 1280 2351 peperisset,sublatis

385 2394 410 2445 15
428 2367 459 2440 in
485 2370 608 2441 caelum
623 2369 732 2442 oculis
750 2387 785 2443 et
803 2370 967 2457 manibus
983 2371 1024 2443 Ο
1043 2369 1139 2459 deus,
1160 2367 1278 2464 inquit,

428 2482 638 2557 mediocrem
650 2509 692 2556 ex
704 2485 755 2558 his
772 2486 1000 2559 calamitatem
1020 2510 1160 2583 repone.
1181 2484 1277 2557 Scie-

427 2599 485 2673 bat
497 2599 587 2672 enim
602 2600 752 2697 prudens
767 2626 837 2690 rex,
853 2601 948 2699 quod
964 2601 1116 2676 maximis
1137 2624 1276 2675 succes-

425 2714 518 2787 sibus
544 2715 677 2788 sortuna
698 2715 849 2790 invidere
866 2720 965 2791 solet.

432 2888 435 2894 .
475 2831 594 2905 Filium
623 2834 713 2906 hunc
740 2833 883 2907 habuisti
906 2833 949 2907 ad
977 2852 1111 2931 tempus
1136 2857 1276 2906 accom-

382 2977 412 3010 20
425 2945 598 3021 modatum
635 2966 670 3021 et
705 2966 874 3048 tamquam
906 2949 1099 3046 depositum
1135 2946 1274 3044 aliquod

424 3063 713 3154 commendatum,
742 3084 777 3137 ut
802 3091 879 3138 eum
906 3089 1059 3138 servares
1085 3062 1273 3161 depositori

425 3176 505 3266 de0,
522 3194 556 3250 ut
574 3203 743 3253 cumeum
763 3198 948 3279 repeteret,
967 3180 1117 3253 iocunde
1135 3203 1274 3276 promp-

424 3308 529 3390 teque
551 3295 756 3369 restitueres.
784 3297 838 3368 Ab
865 3295 938 3394 ipsa
965 3313 1081 3369 natura
1099 3294 1221 3369 talibus
1238 3311 1273 3366 et

467 3477 501 3539 (ό)
519 3479 647 3527 retineas?
680 3483 729 3543 (¹⁴)
741 3482 852 3542 perisset
864 3481 894 3530 C.
929 3481 979 3544 (18)
991 3481 1096 3530 invideri
1111 3481 1141 3530 C.
1174 3482 1272 3543 (ro.2o]

421 3559 614 3607 accomodatum
627 3559 657 3609 C
