<?xml version="1.0" encoding="UTF-8"?>
<!DOCTYPE html PUBLIC "-//W3C//DTD XHTML 1.0 Transitional//EN"
    "http://www.w3.org/TR/xhtml1/DTD/xhtml1-transitional.dtd">
<html xmlns="http://www.w3.org/1999/xhtml" xml:lang="en" lang="en">
 <head>
  <title>
</title>
<meta http-equiv="Content-Type" content="text/html;charset=utf-8" />
  <meta name='ocr-system' content='tesseract 3.04.00' />
  <meta name='ocr-capabilities' content='ocr_page ocr_carea ocr_par ocr_line ocrx_word'/>
</head>
<body>
  <div class='ocr_page' id='page_1' title='image "./isotnogarolvero01nogagoog/isotnogarolvero01nogagoog_0290.png"; bbox 0 0 2820 4680; ppageno 0'>
   <div class='ocr_carea' id='block_1_1' title="bbox 556 560 609 625">
    <p class='ocr_par' dir='ltr' id='par_1_1' title="bbox 556 560 609 625">
     <span class='ocr_line' id='line_1_1' title="bbox 556 560 609 625; baseline -0.019 0"><span class='ocrx_word' id='word_1_1' title='bbox 556 560 609 625; x_wconf 81' lang='lat'>281</span> 
     </span>
    </p>
   </div>
   <div class='ocr_carea' id='block_1_2' title="bbox 156 735 1055 2333">
    <p class='ocr_par' dir='ltr' id='par_1_2' title="bbox 156 735 1055 2333">
     <span class='ocr_line' id='line_1_2' title="bbox 158 735 1009 834; baseline 0.001 -26"><span class='ocrx_word' id='word_1_2' title='bbox 158 735 283 809; x_wconf 90' lang='lat' dir='ltr'>clarior</span> <span class='ocrx_word' id='word_1_3' title='bbox 310 736 440 834; x_wconf 89' lang='lat' dir='ltr'>lulgere</span> <span class='ocrx_word' id='word_1_4' title='bbox 466 735 599 810; x_wconf 88' lang='lat' dir='ltr'>dicatur</span> <span class='ocrx_word' id='word_1_5' title='bbox 624 736 745 809; x_wconf 75' lang='lat' dir='ltr'>oratio,</span> <span class='ocrx_word' id='word_1_6' title='bbox 776 737 1009 825; x_wconf 90' lang='lat' dir='ltr'>Hebreorum,</span> 
     </span>
     <span class='ocr_line' id='line_1_3' title="bbox 159 851 1010 942; baseline 0.002 -18"><span class='ocrx_word' id='word_1_7' title='bbox 159 853 378 942; x_wconf 84' lang='lat' dir='ltr'>Graecorum,</span> <span class='ocrx_word' id='word_1_8' title='bbox 406 852 631 938; x_wconf 88' lang='lat' dir='ltr'>Caldeorum,</span> <span class='ocrx_word' id='word_1_9' title='bbox 659 854 852 941; x_wconf 84' lang='lat' dir='ltr'>Persarum,</span> <span class='ocrx_word' id='word_1_10' title='bbox 881 851 1010 926; x_wconf 90' lang='lat' dir='ltr'>Medo-</span> 
     </span>
     <span class='ocr_line' id='line_1_4' title="bbox 158 967 1010 1064; baseline 0.004 -26"><span class='ocrx_word' id='word_1_11' title='bbox 158 992 231 1039; x_wconf 96' lang='lat' dir='ltr'>rum</span> <span class='ocrx_word' id='word_1_12' title='bbox 261 984 297 1040; x_wconf 94' lang='lat' dir='ltr'>et</span> <span class='ocrx_word' id='word_1_13' title='bbox 321 967 546 1040; x_wconf 79' lang='lat' dir='ltr'>Arabicorum</span> <span class='ocrx_word' id='word_1_14' title='bbox 572 967 693 1064; x_wconf 87' lang='lat' dir='ltr'>linguis</span> <span class='ocrx_word' id='word_1_15' title='bbox 723 983 816 1039; x_wconf 87' lang='lat' dir='ltr'>tanta</span> <span class='ocrx_word' id='word_1_16' title='bbox 844 967 1010 1042; x_wconf 86' lang='lat' dir='ltr'>suavitate</span> 
     </span>
     <span class='ocr_line' id='line_1_5' title="bbox 158 1081 1008 1179; baseline 0.002 -26"><span class='ocrx_word' id='word_1_17' title='bbox 158 1083 374 1179; x_wconf 84' lang='lat' dir='ltr'>loquebatur,</span> <span class='ocrx_word' id='word_1_18' title='bbox 411 1098 446 1154; x_wconf 94' lang='lat' dir='ltr'>ut</span> <span class='ocrx_word' id='word_1_19' title='bbox 480 1082 513 1154; x_wconf 94' lang='lat' dir='ltr'>in</span> <span class='ocrx_word' id='word_1_20' title='bbox 547 1081 599 1155; x_wconf 87' lang='lat' dir='ltr'>eis</span> <span class='ocrx_word' id='word_1_21' title='bbox 634 1099 732 1155; x_wconf 90' lang='lat' dir='ltr'>natus</span> <span class='ocrx_word' id='word_1_22' title='bbox 766 1081 938 1155; x_wconf 89' lang='lat' dir='ltr'>videretur</span> <span class='ocrx_word' id='word_1_23' title='bbox 975 1083 1008 1155; x_wconf 92' lang='lat' dir='ltr'>in</span> 
     </span>
     <span class='ocr_line' id='line_1_6' title="bbox 158 1197 1050 1294; baseline 0.007 -26"><span class='ocrx_word' id='word_1_24' title='bbox 158 1221 272 1294; x_wconf 91' lang='lat' dir='ltr'>eoque</span> <span class='ocrx_word' id='word_1_25' title='bbox 299 1199 452 1294; x_wconf 92' lang='lat' dir='ltr'>leporem</span> <span class='ocrx_word' id='word_1_26' title='bbox 472 1199 562 1269; x_wconf 88' lang='lat' dir='ltr'>hunc</span> <span class='ocrx_word' id='word_1_27' title='bbox 584 1197 731 1270; x_wconf 89' lang='lat' dir='ltr'>nativum</span> <span class='ocrx_word' id='word_1_28' title='bbox 753 1221 842 1286; x_wconf 92' lang='lat' dir='ltr'>esse,</span> <span class='ocrx_word' id='word_1_29' title='bbox 862 1222 930 1270; x_wconf 97' lang='lat' dir='ltr'>non</span> <span class='ocrx_word' id='word_1_30' title='bbox 948 1220 1008 1270; x_wconf 89' lang='lat' dir='ltr'>ac·</span> <span class='ocrx_word' id='word_1_31' title='bbox 1041 1223 1050 1274; x_wconf 79' lang='lat' dir='ltr'>t</span> 
     </span>
     <span class='ocr_line' id='line_1_7' title="bbox 157 1311 1009 1410; baseline 0.004 -27"><span class='ocrx_word' id='word_1_32' title='bbox 157 1311 316 1408; x_wconf 89' lang='lat' dir='ltr'>quisitum</span> <span class='ocrx_word' id='word_1_33' title='bbox 343 1328 536 1409; x_wconf 84' lang='lat' dir='ltr'>appareret.</span> <span class='ocrx_word' id='word_1_34' title='bbox 564 1311 723 1385; x_wconf 86' lang='lat' dir='ltr'>Tandem</span> <span class='ocrx_word' id='word_1_35' title='bbox 749 1337 828 1386; x_wconf 92' lang='lat' dir='ltr'>cum</span> <span class='ocrx_word' id='word_1_36' title='bbox 846 1329 1009 1410; x_wconf 89' lang='lat' dir='ltr'>expertus</span> 
     </span>
     <span class='ocr_line' id='line_1_8' title="bbox 158 1426 1008 1526; baseline 0.002 -27"><span class='ocrx_word' id='word_1_37' title='bbox 158 1426 258 1500; x_wconf 92' lang='lat' dir='ltr'>suerit</span> <span class='ocrx_word' id='word_1_38' title='bbox 276 1428 468 1502; x_wconf 90' lang='lat' dir='ltr'>huiusmodi</span> <span class='ocrx_word' id='word_1_39' title='bbox 485 1428 686 1526; x_wconf 84' lang='lat' dir='ltr'>sapientiam</span> <span class='ocrx_word' id='word_1_40' title='bbox 704 1429 796 1526; x_wconf 92' lang='lat' dir='ltr'>apud</span> <span class='ocrx_word' id='word_1_41' title='bbox 810 1429 913 1502; x_wconf 92' lang='lat' dir='ltr'>deum</span> <span class='ocrx_word' id='word_1_42' title='bbox 927 1431 1008 1502; x_wconf 91' lang='lat' dir='ltr'>stul-</span> 
     </span>
     <span class='ocr_line' id='line_1_9' title="bbox 157 1543 1007 1642; baseline 0.005 -28"><span class='ocrx_word' id='word_1_43' title='bbox 157 1543 262 1617; x_wconf 86' lang='lat' dir='ltr'>titiam</span> <span class='ocrx_word' id='word_1_44' title='bbox 288 1569 378 1635; x_wconf 90' lang='lat' dir='ltr'>esse,</span> <span class='ocrx_word' id='word_1_45' title='bbox 405 1544 522 1642; x_wconf 89' lang='lat' dir='ltr'>spiritu</span> <span class='ocrx_word' id='word_1_46' title='bbox 541 1562 662 1618; x_wconf 88' lang='lat' dir='ltr'>sancto</span> <span class='ocrx_word' id='word_1_47' title='bbox 680 1545 782 1635; x_wconf 93' lang='lat' dir='ltr'>duce,</span> <span class='ocrx_word' id='word_1_48' title='bbox 800 1545 858 1642; x_wconf 89' lang='lat' dir='ltr'>qui</span> <span class='ocrx_word' id='word_1_49' title='bbox 876 1570 956 1618; x_wconf 88' lang='lat' dir='ltr'>eum</span> <span class='ocrx_word' id='word_1_50' title='bbox 975 1545 1007 1618; x_wconf 93' lang='lat' dir='ltr'>in</span> 
     </span>
     <span class='ocr_line' id='line_1_10' title="bbox 156 1660 1009 1756; baseline 0.004 -26"><span class='ocrx_word' id='word_1_51' title='bbox 156 1682 252 1731; x_wconf 92' lang='lat' dir='ltr'>suum</span> <span class='ocrx_word' id='word_1_52' title='bbox 279 1660 484 1756; x_wconf 90' lang='lat' dir='ltr'>obsequium</span> <span class='ocrx_word' id='word_1_53' title='bbox 510 1661 675 1756; x_wconf 87' lang='lat' dir='ltr'>elegerat,</span> <span class='ocrx_word' id='word_1_54' title='bbox 697 1660 878 1733; x_wconf 89' lang='lat' dir='ltr'>codicibus</span> <span class='ocrx_word' id='word_1_55' title='bbox 907 1684 1009 1733; x_wconf 92' lang='lat' dir='ltr'>secu·</span> 
     </span>
     <span class='ocr_line' id='line_1_11' title="bbox 157 1774 1055 1872; baseline 0.006 -29"><span class='ocrx_word' id='word_1_56' title='bbox 157 1774 281 1847; x_wconf 89' lang='lat' dir='ltr'>laribus</span> <span class='ocrx_word' id='word_1_57' title='bbox 303 1775 438 1871; x_wconf 90' lang='lat' dir='ltr'>penitus</span> <span class='ocrx_word' id='word_1_58' title='bbox 455 1774 600 1847; x_wconf 86' lang='lat' dir='ltr'>abiectis</span> <span class='ocrx_word' id='word_1_59' title='bbox 618 1775 815 1872; x_wconf 88' lang='lat' dir='ltr'>relictisque</span> <span class='ocrx_word' id='word_1_60' title='bbox 831 1775 1007 1872; x_wconf 85' lang='lat' dir='ltr'>gentilium</span> <span class='ocrx_word' id='word_1_61' title='bbox 1024 1801 1055 1839; x_wconf 81' lang='grc' dir='ltr'>ιο</span> 
     </span>
     <span class='ocr_line' id='line_1_12' title="bbox 157 1888 1007 1986; baseline 0.004 -27"><span class='ocrx_word' id='word_1_62' title='bbox 157 1889 340 1962; x_wconf 89' lang='lat' dir='ltr'>litterarum</span> <span class='ocrx_word' id='word_1_63' title='bbox 356 1890 448 1962; x_wconf 92' lang='lat' dir='ltr'>libris</span> <span class='ocrx_word' id='word_1_64' title='bbox 457 1889 502 1962; x_wconf 92' lang='lat' dir='ltr'>ad</span> <span class='ocrx_word' id='word_1_65' title='bbox 515 1888 700 1986; x_wconf 89' lang='lat' dir='ltr'>scripturas</span> <span class='ocrx_word' id='word_1_66' title='bbox 713 1907 850 1962; x_wconf 87' lang='lat' dir='ltr'>sanetas</span> <span class='ocrx_word' id='word_1_67' title='bbox 863 1889 1007 1986; x_wconf 91' lang='lat' dir='ltr'>imperio</span> 
     </span>
     <span class='ocr_line' id='line_1_13' title="bbox 157 2004 1007 2104; baseline 0.001 -27"><span class='ocrx_word' id='word_1_68' title='bbox 157 2004 213 2078; x_wconf 92' lang='lat' dir='ltr'>dei</span> <span class='ocrx_word' id='word_1_69' title='bbox 239 2030 277 2078; x_wconf 90' lang='lat' dir='ltr'>se</span> <span class='ocrx_word' id='word_1_70' title='bbox 303 2005 473 2078; x_wconf 87' lang='lat' dir='ltr'>convertit</span> <span class='ocrx_word' id='word_1_71' title='bbox 498 2031 557 2104; x_wconf 87' lang='lat' dir='ltr'>eas</span> <span class='ocrx_word' id='word_1_72' title='bbox 584 2022 678 2078; x_wconf 90' lang='lat' dir='ltr'>tanto</span> <span class='ocrx_word' id='word_1_73' title='bbox 696 2005 810 2078; x_wconf 90' lang='lat' dir='ltr'>studio</span> <span class='ocrx_word' id='word_1_74' title='bbox 828 2007 1007 2096; x_wconf 91' lang='lat' dir='ltr'>lecturum,</span> 
     </span>
     <span class='ocr_line' id='line_1_14' title="bbox 156 2121 1008 2219; baseline 0.005 -28"><span class='ocrx_word' id='word_1_75' title='bbox 156 2137 286 2216; x_wconf 88' lang='lat' dir='ltr'>quanto</span> <span class='ocrx_word' id='word_1_76' title='bbox 312 2138 412 2194; x_wconf 90' lang='lat' dir='ltr'>antea</span> <span class='ocrx_word' id='word_1_77' title='bbox 439 2121 592 2193; x_wconf 92' lang='lat' dir='ltr'>mortalia</span> <span class='ocrx_word' id='word_1_78' title='bbox 610 2147 678 2193; x_wconf 90' lang='lat' dir='ltr'>non</span> <span class='ocrx_word' id='word_1_79' title='bbox 696 2123 838 2217; x_wconf 86' lang='lat' dir='ltr'>legerat,</span> <span class='ocrx_word' id='word_1_80' title='bbox 858 2123 1008 2219; x_wconf 86' lang='lat' dir='ltr'>Moysen</span> 
     </span>
     <span class='ocr_line' id='line_1_15' title="bbox 157 2234 1008 2333; baseline 0.004 -27"><span class='ocrx_word' id='word_1_81' title='bbox 157 2234 355 2325; x_wconf 89' lang='lat' dir='ltr'>imitantem,</span> <span class='ocrx_word' id='word_1_82' title='bbox 383 2235 440 2332; x_wconf 92' lang='lat' dir='ltr'>qui</span> <span class='ocrx_word' id='word_1_83' title='bbox 460 2262 528 2308; x_wconf 90' lang='lat' dir='ltr'>non</span> <span class='ocrx_word' id='word_1_84' title='bbox 547 2236 638 2332; x_wconf 89' lang='lat' dir='ltr'>prius</span> <span class='ocrx_word' id='word_1_85' title='bbox 656 2236 700 2310; x_wconf 93' lang='lat' dir='ltr'>ad</span> <span class='ocrx_word' id='word_1_86' title='bbox 718 2236 775 2309; x_wconf 92' lang='lat' dir='ltr'>dei</span> <span class='ocrx_word' id='word_1_87' title='bbox 793 2238 1008 2333; x_wconf 90' lang='lat' dir='ltr'>contempla-</span> 
     </span>
    </p>
   </div>
   <div class='ocr_carea' id='block_1_3' title="bbox 155 2350 1053 3025">
    <p class='ocr_par' dir='ltr' id='par_1_3' title="bbox 155 2350 1053 3025">
     <span class='ocr_line' id='line_1_16' title="bbox 156 2350 1049 2450; baseline 0.01 -29"><span class='ocrx_word' id='word_1_88' title='bbox 156 2350 285 2423; x_wconf 90' lang='lat' dir='ltr'>tionem</span> <span class='ocrx_word' id='word_1_89' title='bbox 303 2351 452 2424; x_wconf 89' lang='lat' dir='ltr'>accessit</span> <span class='ocrx_word' id='word_1_90' title='bbox 469 2376 571 2448; x_wconf 90' lang='lat' dir='ltr'>quam</span> <span class='ocrx_word' id='word_1_91' title='bbox 591 2352 623 2423; x_wconf 92' lang='lat' dir='ltr'>in</span> <span class='ocrx_word' id='word_1_92' title='bbox 641 2352 887 2450; x_wconf 86' lang='lat' dir='ltr'>Aegyptiorum</span> <span class='ocrx_word' id='word_1_93' title='bbox 905 2351 1008 2425; x_wconf 89' lang='lat' dir='ltr'>disci·</span> <span class='ocrx_word' id='word_1_94' title='bbox 1023 2378 1049 2430; x_wconf 78' lang='lat'>¹5</span> 
     </span>
     <span class='ocr_line' id='line_1_17' title="bbox 157 2465 1007 2564; baseline 0.006 -29"><span class='ocrx_word' id='word_1_95' title='bbox 157 2465 255 2562; x_wconf 90' lang='lat' dir='ltr'>plinis</span> <span class='ocrx_word' id='word_1_96' title='bbox 282 2484 431 2540; x_wconf 90' lang='lat' dir='ltr'>mentem</span> <span class='ocrx_word' id='word_1_97' title='bbox 457 2466 679 2557; x_wconf 88' lang='lat' dir='ltr'>exhibuisset,</span> <span class='ocrx_word' id='word_1_98' title='bbox 708 2467 892 2540; x_wconf 90' lang='lat' dir='ltr'>Danielem</span> <span class='ocrx_word' id='word_1_99' title='bbox 919 2493 1007 2564; x_wconf 91' lang='lat' dir='ltr'>quo-</span> 
     </span>
     <span class='ocr_line' id='line_1_18' title="bbox 157 2581 1006 2679; baseline 0.002 -27"><span class='ocrx_word' id='word_1_100' title='bbox 157 2604 236 2675; x_wconf 92' lang='lat' dir='ltr'>que,</span> <span class='ocrx_word' id='word_1_101' title='bbox 262 2581 321 2678; x_wconf 91' lang='lat' dir='ltr'>qui</span> <span class='ocrx_word' id='word_1_102' title='bbox 347 2606 426 2655; x_wconf 89' lang='lat' dir='ltr'>cum</span> <span class='ocrx_word' id='word_1_103' title='bbox 452 2582 544 2679; x_wconf 88' lang='lat' dir='ltr'>apud</span> <span class='ocrx_word' id='word_1_104' title='bbox 573 2582 772 2655; x_wconf 87' lang='lat' dir='ltr'>Babilonios</span> <span class='ocrx_word' id='word_1_105' title='bbox 795 2582 1006 2655; x_wconf 90' lang='lat' dir='ltr'>Caldeorum</span> 
     </span>
     <span class='ocr_line' id='line_1_19' title="bbox 156 2696 1008 2795; baseline 0.001 -28"><span class='ocrx_word' id='word_1_106' title='bbox 156 2696 355 2791; x_wconf 89' lang='lat' dir='ltr'>sapientiam</span> <span class='ocrx_word' id='word_1_107' title='bbox 383 2697 583 2787; x_wconf 89' lang='lat' dir='ltr'>imbibisset,</span> <span class='ocrx_word' id='word_1_108' title='bbox 602 2714 724 2795; x_wconf 90' lang='lat' dir='ltr'>postea</span> <span class='ocrx_word' id='word_1_109' title='bbox 742 2723 853 2770; x_wconf 91' lang='lat' dir='ltr'>rerum</span> <span class='ocrx_word' id='word_1_110' title='bbox 879 2696 1008 2769; x_wconf 90' lang='lat' dir='ltr'>divina-</span> 
     </span>
     <span class='ocr_line' id='line_1_20' title="bbox 156 2806 1008 2910; baseline 0.001 -28"><span class='ocrx_word' id='word_1_111' title='bbox 156 2836 228 2883; x_wconf 90' lang='lat' dir='ltr'>rum</span> <span class='ocrx_word' id='word_1_112' title='bbox 272 2812 384 2886; x_wconf 91' lang='lat' dir='ltr'>lerunt</span> <span class='ocrx_word' id='word_1_113' title='bbox 416 2813 568 2910; x_wconf 88' lang='lat' dir='ltr'>attigisse</span> <span class='ocrx_word' id='word_1_114' title='bbox 603 2814 805 2887; x_wconf 90' lang='lat' dir='ltr'>doctrinam.</span> <span class='ocrx_word' id='word_1_115' title='bbox 849 2806 1008 2884; x_wconf 52' lang='lat' dir='ltr'>⁸Perrexit</span> 
     </span>
     <span class='ocr_line' id='line_1_21' title="bbox 155 2926 1053 3025; baseline 0 -27"><span class='ocrx_word' id='word_1_116' title='bbox 155 2926 271 3023; x_wconf 89' lang='lat' dir='ltr'>itaque</span> <span class='ocrx_word' id='word_1_117' title='bbox 290 2929 638 3025; x_wconf 86' lang='lat' dir='ltr'>Constantinopolim,</span> <span class='ocrx_word' id='word_1_118' title='bbox 658 2946 694 3001; x_wconf 93' lang='lat' dir='ltr'>ut</span> <span class='ocrx_word' id='word_1_119' title='bbox 710 2951 881 3002; x_wconf 89' lang='lat' dir='ltr'>sacrarum</span> <span class='ocrx_word' id='word_1_120' title='bbox 899 2926 1007 3022; x_wconf 91' lang='lat' dir='ltr'>scrip·</span> <span class='ocrx_word' id='word_1_121' title='bbox 1021 2955 1053 2991; x_wconf 73' lang='grc' dir='ltr'>ιο</span> 
     </span>
    </p>
   </div>
   <div class='ocr_carea' id='block_1_4' title="bbox 155 3206 1006 3590">
    <p class='ocr_par' dir='ltr' id='par_1_4' title="bbox 155 3206 1006 3590">
     <span class='ocr_line' id='line_1_22' title="bbox 202 3206 1004 3271; baseline 0.002 -17"><span class='ocrx_word' id='word_1_122' title='bbox 202 3207 237 3271; x_wconf 83' lang='lat' dir='ltr'>(r)</span> <span class='ocrx_word' id='word_1_123' title='bbox 277 3208 412 3257; x_wconf 82' lang='lat' dir='ltr'>clariorem</span> <span class='ocrx_word' id='word_1_124' title='bbox 447 3208 462 3256; x_wconf 88' lang='lat' dir='ltr'>l.</span> <span class='ocrx_word' id='word_1_125' title='bbox 496 3207 603 3256; x_wconf 84' lang='lat' dir='ltr'>dicatur.</span> <span class='ocrx_word' id='word_1_126' title='bbox 658 3207 808 3257; x_wconf 84' lang='lat' dir='ltr'>Orationem</span> <span class='ocrx_word' id='word_1_127' title='bbox 847 3206 930 3255; x_wconf 83' lang='lat' dir='ltr'>Hebr.</span> <span class='ocrx_word' id='word_1_128' title='bbox 971 3207 1004 3256; x_wconf 88' lang='lat' dir='ltr'>G.</span> 
     </span>
     <span class='ocr_line' id='line_1_23' title="bbox 156 3286 1004 3350; baseline 0.004 -16"><span class='ocrx_word' id='word_1_129' title='bbox 156 3287 245 3336; x_wconf 85' lang='lat' dir='ltr'>Haebr.</span> <span class='ocrx_word' id='word_1_130' title='bbox 271 3288 303 3335; x_wconf 86' lang='grc' dir='ltr'>Β.</span> <span class='ocrx_word' id='word_1_131' title='bbox 349 3287 383 3349; x_wconf 79' lang='lat'>(4)</span> <span class='ocrx_word' id='word_1_132' title='bbox 409 3288 431 3334; x_wconf 82' lang='lat' dir='ltr'>in</span> <span class='ocrx_word' id='word_1_133' title='bbox 457 3301 502 3336; x_wconf 86' lang='lat' dir='ltr'>eas</span> <span class='ocrx_word' id='word_1_134' title='bbox 527 3289 560 3336; x_wconf 86' lang='lat' dir='ltr'>G.</span> <span class='ocrx_word' id='word_1_135' title='bbox 604 3288 636 3350; x_wconf 82' lang='lat'>(4.</span> <span class='ocrx_word' id='word_1_136' title='bbox 664 3287 685 3350; x_wconf 81' lang='lat'>5)</span> <span class='ocrx_word' id='word_1_137' title='bbox 712 3288 735 3334; x_wconf 87' lang='lat' dir='ltr'>in</span> <span class='ocrx_word' id='word_1_138' title='bbox 759 3301 793 3335; x_wconf 88' lang='lat' dir='ltr'>eo</span> <span class='ocrx_word' id='word_1_139' title='bbox 819 3286 905 3348; x_wconf 88' lang='lat' dir='ltr'>ltaque</span> <span class='ocrx_word' id='word_1_140' title='bbox 929 3289 944 3335; x_wconf 91' lang='lat' dir='ltr'>l.</span> <span class='ocrx_word' id='word_1_141' title='bbox 971 3288 1004 3337; x_wconf 88' lang='lat' dir='ltr'>G.</span> 
     </span>
     <span class='ocr_line' id='line_1_24' title="bbox 155 3366 1006 3430; baseline 0.002 -15"><span class='ocrx_word' id='word_1_142' title='bbox 155 3368 189 3430; x_wconf 78' lang='lat'>(7)</span> <span class='ocrx_word' id='word_1_143' title='bbox 207 3368 251 3416; x_wconf 83' lang='lat' dir='ltr'>luit</span> <span class='ocrx_word' id='word_1_144' title='bbox 270 3368 303 3417; x_wconf 89' lang='lat' dir='ltr'>G.</span> <span class='ocrx_word' id='word_1_145' title='bbox 323 3369 396 3416; x_wconf 87' lang='lat' dir='ltr'>huius</span> <span class='ocrx_word' id='word_1_146' title='bbox 413 3367 498 3417; x_wconf 84' lang='lat' dir='ltr'>mundi</span> <span class='ocrx_word' id='word_1_147' title='bbox 515 3382 536 3416; x_wconf 90' lang='lat' dir='ltr'>s.</span> <span class='ocrx_word' id='word_1_148' title='bbox 556 3368 587 3416; x_wconf 85' lang='grc' dir='ltr'>Β.</span> <span class='ocrx_word' id='word_1_149' title='bbox 623 3368 656 3430; x_wconf 82' lang='lat'>(8)</span> <span class='ocrx_word' id='word_1_150' title='bbox 674 3369 743 3429; x_wconf 75' lang='lat' dir='ltr'>euml</span> <span class='ocrx_word' id='word_1_151' title='bbox 760 3381 817 3416; x_wconf 91' lang='lat' dir='ltr'>cum</span> <span class='ocrx_word' id='word_1_152' title='bbox 830 3368 863 3416; x_wconf 86' lang='lat' dir='ltr'>G.</span> <span class='ocrx_word' id='word_1_153' title='bbox 891 3366 1006 3430; x_wconf 66' lang='lat' dir='ltr'>(ulmo-</span> 
     </span>
     <span class='ocr_line' id='line_1_25' title="bbox 155 3446 1004 3512; baseline 0.002 -17"><span class='ocrx_word' id='word_1_154' title='bbox 155 3448 215 3495; x_wconf 81' lang='lat' dir='ltr'>ralia</span> <span class='ocrx_word' id='word_1_155' title='bbox 232 3448 257 3497; x_wconf 88' lang='lat' dir='ltr'>G</span> <span class='ocrx_word' id='word_1_156' title='bbox 273 3447 306 3511; x_wconf 85' lang='lat' dir='ltr'>(el</span> <span class='ocrx_word' id='word_1_157' title='bbox 321 3447 386 3510; x_wconf 86' lang='lat' dir='ltr'>Ml).</span> <span class='ocrx_word' id='word_1_158' title='bbox 422 3449 539 3510; x_wconf 86' lang='lat' dir='ltr'>Moysem</span> <span class='ocrx_word' id='word_1_159' title='bbox 550 3447 583 3495; x_wconf 88' lang='grc' dir='ltr'>Β.</span> <span class='ocrx_word' id='word_1_160' title='bbox 619 3446 669 3511; x_wconf 79' lang='lat'>(14)</span> <span class='ocrx_word' id='word_1_161' title='bbox 681 3448 739 3509; x_wconf 86' lang='lat' dir='ltr'>pius</span> <span class='ocrx_word' id='word_1_162' title='bbox 750 3448 782 3496; x_wconf 87' lang='grc' dir='ltr'>Β.</span> <span class='ocrx_word' id='word_1_163' title='bbox 817 3448 867 3512; x_wconf 72' lang='grc' dir='ltr'>(ις)</span> <span class='ocrx_word' id='word_1_164' title='bbox 879 3448 958 3512; x_wconf 79' lang='lat' dir='ltr'>egipt.</span> <span class='ocrx_word' id='word_1_165' title='bbox 971 3448 1004 3497; x_wconf 88' lang='grc' dir='ltr'>Β.</span> 
     </span>
     <span class='ocr_line' id='line_1_26' title="bbox 155 3526 408 3590; baseline 0.004 -16"><span class='ocrx_word' id='word_1_166' title='bbox 155 3526 205 3590; x_wconf 80' lang='lat'>(16)</span> <span class='ocrx_word' id='word_1_167' title='bbox 222 3528 362 3576; x_wconf 80' lang='lat' dir='ltr'>exibuisset</span> <span class='ocrx_word' id='word_1_168' title='bbox 375 3528 408 3577; x_wconf 87' lang='lat' dir='ltr'>G.</span> 
     </span>
    </p>
   </div>
   <div class='ocr_carea' id='block_1_5' title="bbox 0 0 1414 4680">
    <p class='ocr_par' dir='ltr' id='par_1_5' title="bbox 0 0 1414 4680">
     <span class='ocr_line' id='line_1_27' title="bbox 0 0 1414 4680; baseline 0 0"><span class='ocrx_word' id='word_1_169' title='bbox 0 0 1414 4680; x_wconf 95' lang='lat' dir='ltr'> </span> 
     </span>
    </p>
   </div>
  </div>
 </body>
</html>
