2820 4680
804 607 859 684 146

408 781 493 855 iecit
513 779 683 870 dominus,
710 781 901 854 exultemus
926 795 963 854 et
980 780 1136 854 laetemur
1153 779 1185 851 in
1204 804 1256 852 ea.

409 897 528 970 Nemo
553 897 598 970 ab
628 894 726 969 huius
754 895 965 971 celebritatis
995 894 1258 993 participatione

407 1010 605 1087 secernitur.
625 1012 705 1086 Una
717 1011 850 1086 cunctis
864 1011 991 1086 laetitiae
1005 1009 1196 1085 communis
1206 1026 1259 1084 est

408 1126 512 1201 ratio!
541 1127 706 1201 Omnium
737 1151 804 1202 una
827 1151 894 1200 vox
915 1125 1148 1225 gaudentium,
1171 1151 1259 1224 quo

381 1241 497 1328 sniam
524 1266 614 1316 ecce
640 1258 776 1340 tempus
801 1240 1031 1340 acceptabile,
1061 1265 1150 1316 ecce
1183 1239 1259 1315 dies

407 1357 536 1433 laetitiae
577 1374 614 1431 et
646 1356 851 1432 iubilationis
884 1382 957 1455 prae
993 1356 1152 1431 omnibus
1185 1355 1258 1429 die-

407 1476 471 1549 bus
503 1473 583 1549 vitre
617 1491 754 1563 nostrae,
789 1473 822 1547 in
856 1498 928 1571 quo
965 1471 1076 1546 fidelis
1100 1470 1259 1547 dominus

408 1589 441 1664 in
465 1589 578 1664 verbis
603 1590 672 1664 suis
695 1606 734 1663 et
761 1605 899 1664 sanctus
929 1587 962 1661 in
988 1588 1147 1663 omnibus
1172 1612 1258 1685 ope

408 1705 499 1779 ribus
523 1704 591 1779 suis
616 1704 727 1802 aperit
760 1728 894 1779 manum
928 1727 1035 1794 suam,
1069 1704 1199 1777 exultat
1223 1719 1259 1776 et

366 1856 396 1894 ιο
406 1819 536 1918 gaudet
560 1819 734 1893 universus
759 1819 853 1894 orbis
885 1837 922 1894 et
955 1819 988 1892 in
1020 1820 1086 1893 hac
1112 1818 1258 1891 celebri-

408 1951 478 2009 tate
523 1959 602 2009 cum
641 1934 772 2034 hymnis
809 1952 846 2008 et
878 1935 1022 2009 canticis
1055 1932 1190 2008 devotis
1223 1950 1259 2006 et

408 2049 519 2148 dignis
548 2037 665 2125 iubilat
689 2050 886 2147 praeconiis,
913 2050 1009 2148 pueri
1036 2049 1258 2148 innuptaeque

408 2166 533 2264 puellae
558 2189 657 2240 sacra
673 2183 809 2239 canunt.
840 2167 962 2240 Nullus
979 2184 1047 2240 tam
1066 2165 1176 2239 hebes
1193 2181 1257 2255 est,

408 2296 475 2354 tam
501 2279 640 2355 rationis
664 2304 802 2378 expers,
821 2297 943 2355 utnon
961 2280 1135 2379 intelligat,
1154 2306 1255 2379 quam

366 2432 391 2485 ις
408 2396 543 2486 multos,
569 2419 672 2493 quam
698 2396 809 2486 laetos,
839 2420 942 2493 quam
973 2397 1099 2470 uberes
1129 2396 1257 2470 fructus

407 2509 555 2608 paritura
591 2510 635 2585 sit
667 2511 829 2587 sanctitas
863 2529 931 2602 tua,
965 2537 1044 2586 cum
1079 2512 1257 2587 ineffabilis

408 2624 641 2702 misericordia
664 2628 839 2704 salvatoris
868 2644 921 2704 tot
935 2629 1120 2727 gratiarum
1138 2653 1256 2703 cumu-

406 2744 459 2817 los
485 2741 518 2816 in
535 2760 571 2817 te
587 2742 796 2834 adunaverit,
815 2761 850 2818 te
867 2769 940 2842 prae
957 2744 1083 2819 ceteris
1100 2763 1255 2820 ornatum

406 2857 556 2959 insigniis
580 2858 779 2958 dignitatum
806 2862 899 2934 nullo
926 2876 1072 2934 externo
1097 2877 1155 2934 aut
1189 2877 1256 2934 ter·

363 3012 394 3049 ιο
405 2998 492 3049 reno
504 2974 713 3066 adiumento,
730 2974 794 3050 sed
812 2974 1111 3050 succrescentibus
1129 2975 1256 3050 meritis

406 3115 469 3188 per
480 3088 606 3186 gradus
622 3089 870 3165 ascendentem
888 3089 1012 3165 divinae
1030 3088 1256 3187 providentiae

406 3219 487 3279 nutu
500 3203 545 3278 ad
559 3205 656 3280 huius
669 3205 887 3304 pontificatus
900 3207 1035 3304 apicem
1045 3204 1254 3303 perduxerit,

406 3335 443 3394 ut
454 3319 501 3395 de
513 3335 549 3395 te
562 3321 685 3396 merito
697 3320 848 3396 dicatur:
872 3321 942 3396 Hic
956 3321 1254 3420 estflumenaquae

451 3583 502 3649 (ιθ)
517 3598 596 3648 quoru
610 3585 642 3637 C.
681 3584 732 3650 (18)
747 3593 782 3636 tn
798 3599 855 3651 pra
870 3586 903 3639 C·
