2820 4680
833 599 873 662 68

428 773 535 848 moria
551 771 752 847 servandum
770 769 914 846 accede.
938 770 1091 845 Audies.
1112 828 1120 843 .
1140 827 1148 842 .
1167 794 1279 843 amoe-

427 887 552 963 nissimi
563 885 1277 985 sontisaquas,videbisagrossertilissimos,

426 1028 515 1102 quos
545 1003 673 1077 fructus
702 1027 837 1077 summo
866 1018 903 1075 et
928 1000 1169 1075 honestissimo
1198 1024 1276 1073 cum

427 1119 547 1195 lenone
565 1119 680 1194 coacti
699 1118 855 1208 reddant,
874 1143 963 1216 quos
985 1117 1099 1206 flores,
1118 1141 1207 1214 quos
1224 1142 1278 1191 sa-

401 1260 541 1334 tpores,
576 1259 665 1333 quos
698 1241 836 1324 s'uccos,
867 1258 955 1331 quos
981 1235 1119 1307 colores
1152 1251 1277 1331 sponte

425 1350 541 1441 edant,
555 1350 679 1448 quibus
701 1349 899 1447 resipiscesl
924 1350 1071 1423 Ceteras
1086 1348 1153 1422 loci
1167 1373 1277 1422 amoe-

427 1465 548 1540 nitates
582 1465 793 1565 longioribus
819 1465 903 1539 meis
932 1464 1052 1538 litteris
1086 1463 1277 1562 descriptas

425 1597 608 1679 praetereo,
626 1580 750 1678 quibus
768 1605 836 1655 non
863 1579 1080 1678 respondisti,
1100 1579 1161 1653 nisi
1188 1580 1276 1653 sorte

424 1695 512 1770 loliis
526 1694 677 1770 carmina
690 1694 913 1785 mandaveris,
924 1720 1004 1792 quae
1013 1696 1148 1768 turbata
1159 1711 1274 1783 vento,

382 1848 411 1884 ιο
425 1809 587 1885 imbribus
611 1809 903 1908 grandinibusque
928 1809 1152 1884 volitaverint.
1184 1813 1275 1885 llaec

424 1950 502 2000 cum
520 1925 566 1999 ita
582 1926 658 2015 sint,
673 1942 733 1999 tuo
746 1925 869 2000 dolore
883 1925 1013 2025 patior;
1028 1925 1091 2000 sed
1101 1942 1136 1999 te
1146 1927 1275 2014 hortor,

424 2041 458 2115 id
475 2041 558 2115 velis
575 2041 672 2139 quod
689 2042 811 2140 possis,
839 2043 907 2117 noli
926 2041 958 2115 in
986 2058 1043 2117 tua
1059 2044 1168 2116 salute
1193 2042 1276 2116 alie·

423 2156 474 2231 nis
504 2155 650 2254 pedibus
681 2157 862 2256 incognitis
888 2159 1081 2246 ambulare;
1109 2159 1184 2255 plus
1215 2158 1273 2231 tibi

422 2270 593 2360 alimenta,
611 2271 855 2363 deambulatio,
882 2272 1065 2347 amoenitas
1082 2296 1183 2369 quam
1203 2299 1275 2347 me-

381 2420 407 2473 n
423 2384 549 2460 dicinae
567 2386 777 2461 famulentur.
797 2389 948 2462 Tuarum
966 2387 1150 2462 litterarum
1169 2388 1201 2461 in
1220 2414 1273 2462 me

421 2500 570 2576 liberalis
586 2501 643 2593 sis,
661 2502 719 2599 qui
737 2501 830 2600 apud
847 2521 985 2577 ceteros
1003 2518 1105 2578 notos
1125 2518 1162 2576 et
1179 2503 1274 2577 sami-

421 2615 522 2690 liares
540 2640 636 2691 meos
653 2615 699 2690 de
716 2616 866 2706 avaritia,
889 2617 982 2715 apud
1000 2634 1034 2691 te
1061 2642 1200 2716 possum
1227 2618 1273 2692 de

421 2730 662 2830 prodigalitate
680 2732 849 2831 reprendi.
869 2735 965 2808 Vale.

468 2847 793 2923 Vehementioribus
810 2864 942 2923 tuarum
959 2848 1144 2923 litterarum
1168 2850 1272 2948 parti·

376 2964 484 3039 robus
518 2964 752 3063 respondebo,
787 2965 929 3063 quando
959 2964 1077 3039 maiori
1108 2965 1272 3063 patientia

419 3080 536 3177 legere
553 3079 681 3178 scripta
702 3097 818 3155 nostra
842 3080 1014 3170 institues3
1044 3105 1119 3154 nam
1139 3081 1185 3155 ita
1211 3098 1271 3156 tuo

418 3192 541 3270 dolore
570 3195 781 3271 exanimatus
805 3221 891 3287 sum,
917 3195 1014 3295 quod
1048 3197 1152 3271 verba
1185 3197 1271 3271 defi-

419 3307 523 3401 ciunt,
545 3310 628 3386 licet
653 3311 702 3385 ira
726 3313 941 3410 superfluam.
969 3315 1164 3410 lterumque
1180 3314 1268 3389 vale.

418 3570 434 3622 fl
465 3492 499 3556 ltl
512 3492 635 3623 <{eddom
652 3495 682 3549 C.
724 3496 774 3561 (υ)
797 3501 870 3548 ortor
893 3495 923 3548 ο
957 3494 1008 3561 (²⁴)
1031 3496 1091 3546 lieet
1107 3497 1163 3546 ium
1178 3510 1270 3564 super-

436 3579 496 3623 uant
