2820 4680
493 601 528 686 35

89 772 213 871 quibus
238 772 320 847 nihil
346 772 397 846 eis
423 771 608 847 iocundum
626 797 704 848 esse
722 773 839 849 debet.
869 779 942 851 Re-

90 886 231 979 cedent,
257 889 400 963 abibunt
425 887 548 985 perditi
576 890 723 981 labores,
740 916 838 966 vante
862 916 943 990 spes

90 1003 358 1102 cogitationibus
400 1005 468 1080 suis
509 1005 676 1080 frustratae
711 1008 803 1081 fiunt
849 1012 942 1110 Quae

89 1143 189 1194 aures
206 1118 324 1194 audire
342 1136 503 1218 poterunt
514 1145 639 1194 vocem
658 1121 764 1196 illam:
785 1124 881 1215 Vale,
893 1125 943 1197 in·

88 1237 281 1334 gratissime
311 1236 356 1309 fili
383 1235 548 1334 (quisquis
575 1236 631 1311 ille
649 1236 780 1334 suerit);
811 1263 832 1312 a
861 1255 942 1314 tene
975 1272 984 1322 ς

91 1376 251 1450 unquam,
270 1375 374 1450 quem
395 1353 510 1450 genui,
529 1352 607 1443 alui,
626 1351 671 1427 ad
690 1352 869 1427 maximam
888 1380 942 1431 us·

90 1491 160 1565 que
177 1467 415 1541 auctoritatem
431 1467 516 1541 meis
530 1468 795 1543 institutionibus
808 1468 940 1558 nutrivi,

90 1583 204 1680 putavi
232 1580 350 1656 dotem
378 1583 457 1656 mihi
484 1581 748 1680 denegandam?
776 1583 941 1658 Precatio

89 1697 215 1772 alenda
239 1723 313 1773 sum
340 1723 420 1797 quae
442 1700 502 1772 tibi
519 1699 761 1797 amplissimum
779 1699 942 1797 patrimo·

91 1814 182 1889 nium
208 1838 285 1888 mea
310 1838 403 1905 cura,
429 1812 606 1911 diligentia
635 1814 765 1889 servavi
790 1830 827 1888 et
851 1814 941 1905 auxi,
958 1849 988 1886 ω

91 1954 155 2028 pro
198 1955 268 2027 quo
304 1954 358 2003 me
392 1929 550 2004 omnibus
588 1930 715 2020 obieci,
751 1929 942 2003 inimicitias

91 2070 160 2118 non
192 2045 297 2135 timui,
326 2045 437 2119 multis
467 2069 522 2118 me
551 2045 742 2143 supplicem
763 2045 831 2119 seci
851 2046 942 2119 bona

90 2161 206 2234 omnia
224 2161 363 2259 propria
380 2160 575 2235 communia
593 2161 734 2250 faciens,
753 2187 821 2235 non
840 2185 941 2260 sepa-

91 2280 192 2350 rans?
214 2276 434 2350 Celebrabor
451 2293 576 2366 tamen,
594 2277 696 2351 etiam
718 2277 744 2351 si
763 2277 942 2352 calumniis

90 2391 217 2481 vincar,
227 2392 308 2491 quia
316 2408 352 2466 te
362 2392 540 2466 beneficiis
549 2393 715 2490 superavi.
728 2434 772 2446 -
784 2395 940 2494 Quasob
959 2425 983 2477 ις

91 2531 146 2582 res
164 2532 231 2581 non
245 2524 299 2582 est
313 2507 392 2581 milri
406 2507 587 2582 verisimile
600 2508 939 2606 generosissimorum

90 2622 227 2699 fratrum
245 2623 393 2723 aliquem
413 2623 480 2720 pati
499 2648 520 2698 a
538 2641 655 2713 matre,
665 2622 865 2721 dignitatum
878 2648 940 2721 ge-

91 2739 232 2828 netrice,
260 2757 297 2812 et
313 2764 443 2827 sorore,
462 2739 559 2813 cuius
576 2738 731 2813 nominisn
737 2739 847 2836 gloria
864 2738 940 2813 ubi·

89 2880 159 2953 que
172 2871 322 2929 versatur
340 2872 376 2928 et
393 2855 532 2942 habitat,
547 2852 661 2928 divelli
676 2878 789 2953 posse.
805 2853 938 2951 Superi,

89 2994 179 3069 quos
205 2970 457 3068 religiosissime
479 2972 607 3060 colunt,
626 2987 763 3044 sanctas
780 2968 939 3044 mulieres
955 3004 987 3039 ιο

88 3109 226 3184 semper
242 3087 485 3175 sublevabunt;
506 3087 666 3159 mortales
683 3109 773 3183 quos
786 3086 939 3158 clemen·

87 3202 218 3276 tissime
245 3202 440 3275 iuraverunt
466 3202 556 3299 ipsas
582 3225 716 3274 summo
743 3200 775 3272 in
807 3202 939 3273 honore

88 3317 283 3407 habebunt;
309 3316 506 3414 dignissime
532 3315 656 3406 vivent,
684 3314 812 3414 ubique
838 3316 940 3389 flore·

134 3580 169 3645 (1)
187 3580 325 3631 incondurn
350 3580 381 3630 C.
415 3579 466 3644 (¹4)
490 3580 612 3631 calumnis
626 3579 657 3631 G
