2820 4680
827 610 881 687 ¹48

425 786 503 858 Rex
532 780 836 857 Nabuchdonosor
861 799 942 881 post
966 780 1165 881 sacrilegam
1198 780 1272 855 ido

423 900 532 974 iorum
562 897 758 972 servitutem
777 896 892 971 divino
910 896 1089 973 convictus
1108 897 1273 971 miraculo

423 1013 517 1113 pium
549 1011 701 1086 edictum
736 1013 973 1112 promulgavit,
1008 1028 1045 1087 ut
1074 1013 1272 1110 quicunque

423 1129 456 1204 in
474 1128 576 1203 deum
591 1127 747 1218 Sidrach,
760 1128 909 1218 Misach‚
920 1145 956 1202 et
973 1127 1166 1227 Abdenago
1184 1129 1273 1201 blas-

397 1243 593 1344 sphemiam
617 1242 774 1317 dicerent
798 1267 876 1318 cum
911 1243 1018 1320 domo
1044 1268 1105 1318 sua
1138 1243 1273 1342 penitus

423 1358 606 1434 interirent.
622 1360 677 1432 Tu
690 1383 785 1449 vero,
800 1359 857 1456 qui
871 1359 1015 1434 vicarius
1028 1358 1156 1433 Christi
1174 1383 1274 1433 verus

423 1498 472 1564 es,
516 1475 605 1547 hanc
644 1473 902 1548 immortulitatis
934 1473 1055 1572 gloriae
1099 1473 1272 1548 materiam

423 1589 540 1664 divino
552 1588 685 1664 afflatus
698 1589 815 1687 spiritu
828 1589 950 1679 obviis,
965 1606 1001 1663 ut
1013 1589 1117 1680 aiunt,
1136 1589 1273 1687 suscipe

424 1705 588 1780 munibus.
613 1705 762 1802 Exurgat
788 1705 949 1779 sanctitas
967 1721 1023 1779 tua
1040 1703 1274 1801 extendatque

382 1857 411 1893 ιο
424 1820 600 1895 brachium
627 1821 794 1918 potentiae
819 1845 891 1895 suae
910 1820 941 1893 in
960 1820 1117 1895 auxilium
1136 1845 1274 1918 sponsae

422 1960 495 2011 suae
512 1953 633 2010 contra
650 1937 739 2009 hanc
757 1934 943 2012 aduiteram
962 1953 997 2010 et
1014 1960 1150 2034 pravam
1168 1961 1274 2032 gene-

424 2051 691 2142 rationemcum
704 2052 822 2127 videas
831 2053 1006 2127 Christum
1019 2050 1273 2150 redemptorem

424 2182 575 2240 nostrum
593 2182 660 2240 tam
680 2166 869 2242 immaniter
882 2169 926 2242 ab
940 2167 1020 2265 ipsis
1035 2167 1271 2265 blasphemari.

424 2281 616 2355 Abhorreat
629 2281 840 2356 sanctissima
853 2283 980 2380 puritas
994 2299 1051 2356 tua
1064 2284 1127 2358 hos
1146 2284 1275 2381 nepha-

384 2436 408 2483 ις
425 2395 492 2470 rios
502 2413 538 2469 et
551 2398 749 2471 sceleratos.
771 2397 862 2471 Nam
876 2396 1066 2472 secundum
1081 2400 1273 2496 apostolum

424 2536 505 2609 quae
518 2512 737 2612 participatio
752 2514 886 2589 iustitiae
901 2539 981 2590 cum
1000 2514 1201 2612 iniquitate?
1219 2532 1276 2590 aut

424 2652 505 2725 quae
531 2618 682 2703 societas
709 2629 794 2703 lucis
820 2628 864 2704 ad
890 2630 1074 2705 tenebras?
1093 2656 1173 2728 quae
1191 2655 1275 2705 con-

424 2743 540 2819 ventio
574 2744 703 2819 Christi
738 2745 782 2820 ad
820 2746 952 2821 Belial?
998 2765 1056 2822 aut
1084 2772 1164 2845 quae
1198 2772 1276 2845 pars

425 2858 534 2935 fidelis
560 2884 639 2935 cum
666 2859 818 2935 infideli?
844 2861 920 2959 quis
946 2880 1058 2937 autem
1086 2887 1276 2938 consensus

381 3014 412 3051 ιο
424 2978 556 3075 templo
577 2975 633 3051 dei
655 3001 734 3052 cum
753 2976 877 3054 idolis?
905 2980 1054 3076 Propter
1070 2977 1166 3076 quod
1183 2979 1275 3053 exite

424 3090 470 3166 de
496 3091 613 3167 medio
638 3118 757 3169 eorum
780 3111 816 3168 et
833 3093 1046 3191 separamini,
1065 3093 1148 3168 dicit
1165 3093 1275 3167 domi-

426 3232 498 3296 nus,
529 3225 566 3282 et
599 3207 807 3282 immundum
843 3233 887 3283 ne
923 3207 1111 3306 tetigeritis,
1138 3225 1174 3282 et
1207 3232 1275 3304 ego

425 3322 587 3422 recipiam
610 3348 681 3398 vos.
705 3325 901 3423 Accingere
919 3347 1016 3424 ergo,
1034 3340 1132 3423 pater
1150 3323 1275 3399 beatis·

473 3584 522 3650 (υ)
536 3599 612 3649 quim
628 3586 755 3656 (nomm.
771 3586 839 3655 cum)
856 3588 886 3645 0
