2820 4680
527 591 559 659 53

116 745 216 822 tianis
228 747 342 821 verbis
357 764 448 837 utar;
464 747 635 823 fortunata
647 773 696 839 es,
710 747 766 822 cui
776 748 822 823 de
836 747 970 848 integro

115 878 170 937 est
187 878 341 960 potestas
355 863 457 939 etiam
472 863 685 956 consulendi,
696 863 780 963 quid
792 864 878 938 velis
890 864 971 938 reti-

116 1002 211 1066 nere,
230 1003 363 1053 amare.
376 1037 404 1052 ..
425 982 500 1078 Ego
518 981 551 1053 in
568 1005 647 1054 eum
666 979 769 1054 incidi
787 982 915 1070 locum,
934 996 970 1053 ut

116 1109 260 1190 propter
276 1093 479 1192 singularem
493 1095 709 1170 sanctitatem
724 1111 815 1169 tuam
829 1110 865 1168 et
876 1093 969 1169 testi·

116 1207 302 1282 mationem
337 1209 516 1283 maximam
559 1235 673 1309 neque
710 1210 755 1285 sit
791 1208 968 1285 amittendi
1002 1240 1011 1290 t

115 1347 232 1420 neque
249 1323 416 1400 retinendi
433 1325 547 1424 copia.
581 1328 679 1401 Malo
697 1351 766 1401 non
792 1325 970 1400 credenda

22 1523 24 1527 ¹
115 1438 272 1530 credere,
283 1464 385 1537 quam
400 1457 434 1515 te
447 1465 530 1516 vero
539 1441 713 1517 verissime
727 1457 968 1540 perpetuoque

115 1578 251 1644 amare;
271 1580 338 1630 non
357 1556 509 1653 quidem,
532 1555 628 1654 quod
655 1559 722 1632 ulla
739 1556 771 1629 in
790 1581 828 1631 re
853 1556 969 1654 decipi

116 1669 218 1743 velim
240 1687 298 1745 aut
314 1670 360 1745 de
377 1671 520 1746 alicuius
537 1671 571 1744 in
593 1695 648 1745 me
667 1671 899 1746 benivolentia
915 1696 970 1745 er-

116 1810 204 1876 rare,
222 1786 285 1861 sed
299 1786 381 1862 tanti
394 1804 449 1863 est
461 1787 542 1861 mihi
556 1787 677 1885 religio
690 1804 759 1879 tua,
778 1803 813 1860 ut
834 1786 969 1884 quidvis
986 1817 1015 1854 10

116 1901 253 1993 laciam,
283 1902 473 1978 dummodo
503 1903 632 1978 amicus
666 1902 726 1976 tibi
759 1902 833 1976 sim.
875 1902 969 1976 Nihil

115 2016 259 2091 omnino
276 2007 357 2091 milri
376 2018 664 2116 reprehensiones
682 2035 755 2092 tuas
780 2016 968 2092 convenire

116 2133 307 2208 certissima
323 2158 371 2208 es.
391 2136 518 2207 Verum
537 2133 597 2207 nisi
624 2132 824 2207 novissimas
841 2132 969 2208 litteras

116 2272 137 2322 a
154 2249 340 2322 Clemente
359 2247 563 2339 habuissem,
579 2272 633 2322 me
647 2248 809 2345 prolecto
825 2247 969 2323 severis·

115 2361 202 2437 sima
210 2362 357 2461 epistola
369 2380 426 2437 tua
434 2379 471 2437 et
484 2362 721 2460 perterruisset
733 2379 769 2438 et
782 2362 968 2454 fefellisset,
985 2397 1010 2448 ις

114 2501 136 2551 a
174 2477 298 2575 quibus
327 2495 362 2552 te
392 2504 460 2554 non
490 2478 677 2577 arguendo,
707 2477 770 2553 sed
800 2478 968 2577 rogando,

115 2591 215 2667 sicuti
232 2618 370 2692 semper
385 2595 496 2684 soleo,
511 2617 638 2668 moneo
654 2592 809 2668 desistas.
828 2593 862 2668 Si
876 2592 967 2668 enim

116 2734 186 2783 non
203 2707 406 2784 abstinueris
422 2725 459 2784 et
479 2710 549 2783 hoc
566 2725 741 2784 certamen
764 2708 967 2798 iniverimus,

115 2848 195 2900 cum
213 2823 293 2898 mihi
312 2823 456 2922 plurima
480 2824 622 2914 subsint,
649 2848 730 2922 quae
755 2823 801 2898 de
827 2840 862 2896 te
887 2846 968 2897 vere

115 2940 214 3039 queri
232 2964 372 3039 possum
390 2956 426 3014 et
443 2956 478 3013 tu
497 2939 623 3039 ingenii
640 2939 791 3016 acuitate
804 2955 841 3013 et
854 2938 968 3013 faceta
981 2976 1012 3010 ιο

113 3055 367 3130 consuetudine
384 3057 489 3129 multa
505 3054 551 3129 de
569 3079 624 3129 me
644 3054 791 3152 cogites,
805 3053 968 3145 invenias,

114 3173 236 3270 lingas,
250 3195 319 3247 non
331 3171 397 3246 erit
408 3170 659 3247 concertationi
673 3169 806 3246 modus.
818 3169 868 3244 Sit
881 3169 968 3244 inter

161 3470 385 3536 (stabuntne
402 3470 436 3534 (4
447 3472 470 3535 ς)
483 3469 733 3523 existimmneme
758 3469 808 3534 (rr)
820 3470 866 3520 tibi
874 3483 920 3520 ont.
929 3470 961 3523 G

113 3550 166 3615 (ιθ)
178 3551 335 3601 intueremus
350 3550 381 3603 G
