2820 4680
647 593 702 651 4¹¹

253 745 344 820 deat.
365 745 475 847 Quod
493 764 606 820 autem
625 762 776 820 nostrum
794 764 848 822 est
864 748 1029 841 quodque
1046 773 1106 822 ve-

254 887 325 934 rum
343 860 500 952 dicimus,
510 861 538 936 si
552 861 635 960 quid
648 861 740 959 aequi
755 879 791 935 et
803 862 885 936 boni
898 863 1032 962 operati
1050 888 1106 938 su·

254 1002 338 1067 mus,
367 976 401 1049 id
431 1001 570 1075 semper
600 976 780 1050 nobiscum
811 995 937 1069 manet,
967 1004 1106 1077 semper

253 1116 464 1188 quocunque
480 1091 615 1165 ierimus
633 1091 696 1164 iter
706 1109 856 1165 nostrum
876 1094 1103 1192 prosequitur.

255 1205 365 1307 Quod
384 1232 461 1280 cum
481 1207 591 1305 probe
611 1207 816 1305 intelligeret
841 1206 1105 1305 prudentissima
1136 1239 1146 1291 ς

255 1321 391 1412 semina,
410 1322 510 1395 vitam
531 1347 625 1395 suam
644 1323 734 1395 bene
756 1347 799 1396 ac
816 1323 990 1421 sapienter
1012 1324 1105 1398 insti-

253 1455 350 1510 tuere
361 1436 697 1534 curaviteffecitque,
710 1454 746 1511 ut
756 1437 895 1536 intelligi
907 1456 1025 1536 posset
1036 1465 1103 1513 non

254 1551 470 1627 admirandas
496 1577 573 1626 esse
599 1578 687 1651 opes
713 1569 820 1651 atque
845 1552 989 1645 divitias,
1017 1579 1104 1653 quas

255 1668 312 1766 qui
344 1666 499 1765 possidet
515 1667 668 1742 vitiosior
698 1668 856 1760 efficitur,
886 1668 1106 1744 admirandos

253 1801 367 1857 autem
385 1801 421 1858 et
437 1783 531 1858 omni
548 1783 650 1858 laude
675 1782 936 1882 prosequendos
953 1809 1030 1859 esse
1048 1784 1106 1878 qui
1122 1818 1151 1855 ιο

254 1899 422 1975 eiusmodi
449 1902 552 1974 rebus
578 1898 738 1974 modeste
767 1917 949 1975 uterentur.
984 1904 1104 2003 Quare

254 2016 487 2114 superioribus
520 2015 654 2089 omissis
688 2015 732 2088 ad
766 2040 810 2089 ea
842 2015 988 2114 quisque
1018 2017 1106 2091 acri-

255 2147 307 2204 ter
325 2129 547 2205 incendamus
564 2129 725 2219 animum,
745 2130 803 2228 qui
831 2156 944 2204 mores
971 2131 1104 2224 suerint,

255 2272 334 2342 quae
364 2245 545 2343 disciplina
570 2245 660 2335 vitae,
685 2263 720 2318 ut
746 2246 940 2321 clarissimis
973 2246 1106 2321 duabus

254 2361 440 2459 propositis
470 2360 603 2434 familiis
640 2358 826 2450 videamus,
854 2378 1015 2459 quantum
1043 2387 1147 2460 perr,

254 2476 425 2573 angustias
439 2475 604 2573 temporis
622 2475 714 2565 licet,
729 2478 830 2573 quale
845 2477 974 2551 virtutis
987 2501 1106 2551 exem·

254 2593 346 2689 plum
366 2590 456 2663 illinc
475 2589 614 2688 quidem
633 2608 790 2665 exortum
818 2591 929 2683 luerit,
948 2592 1005 2666 hic
1022 2617 1105 2668 vero

254 2731 318 2804 per
335 2706 498 2779 maiorem
520 2706 599 2780 vitae
616 2731 688 2781 suae
708 2722 846 2780 aetatem
860 2707 1014 2806 viguerit,
1029 2732 1105 2783 nam

254 2821 492 2895 asuavissimis
504 2821 573 2895 suis
583 2822 734 2896 moribus
747 2822 917 2920 incipiam.
937 2823 1106 2897 Humani·

255 2952 325 3010 tate
336 2952 429 3010 tanta
442 2937 515 3025 suit,
526 2954 687 3034 quantam
702 2940 812 3011 vultus
820 2954 857 3011 et
865 2937 935 3012 oris
948 2936 1105 3035 dignitas,
1120 2973 1151 3008 ιο

255 3068 415 3151 quantam
434 3052 538 3127 totius
556 3053 714 3151 corporis
739 3052 897 3151 aptitudo
914 3054 1104 3152 polliceba-

255 3185 316 3241 tur.
339 3170 443 3241 Nulla
460 3184 527 3242 tam
545 3167 683 3243 abiecta
700 3166 834 3259 domus,
853 3170 944 3244 nulla
956 3186 1024 3244 tam
1043 3171 1105 3243 hu·

255 3283 341 3356 milis
359 3283 484 3356 familia
501 3282 573 3374 suit,
599 3308 701 3381 quam
720 3309 789 3357 non
808 3283 863 3357 illa
887 3284 1013 3383 opibus
1036 3284 1107 3358 suis

301 3464 335 3528 (ς)
360 3465 507 3528 intelligitur
530 3466 559 3515 C
602 3464 636 3530 (8)
660 3479 745 3527 acque
766 3466 796 3516 C.
845 3467 895 3530 (η)
919 3467 1105 3517 intendamus?

255 3544 304 3608 (zo)
319 3553 413 3607 quanta
429 3546 459 3594 C.
