2820 4680
824 627 883 685 244

423 780 491 853 suis
518 778 711 852 nominibus
737 780 781 852 ab
812 779 870 851 itto
901 778 1139 876 nuncupanda.
1170 777 1277 851 Unde

423 895 525 970 dixit:
545 893 720 968 Faciamus
737 893 895 967 hominem
908 893 955 966 od
967 892 1135 990 imaginem
1148 891 1277 964 etsimi-

424 1008 586 1084 titudinem
612 1018 763 1100 nostum,
793 1017 825 1081 et
843 1007 959 1108 proesit
974 1005 1118 1106 piscibus
1135 1006 1232 1079 mcn's
1248 1016 1280 1079 et

424 1125 603 1200 volatilibus
628 1125 703 1199 coeti
721 1135 754 1199 et
768 1124 876 1199 bestiis
893 1124 1049 1197 universae
1065 1133 1169 1216 terroe,
1190 1124 1278 1197 indi-

398 1267 507 1323 tcans
533 1242 636 1339 ipsius
667 1241 928 1338 perfectionem.
959 1243 1017 1314 De
1036 1240 1177 1314 muliere
1194 1264 1280 1313 vero

424 1358 526 1432 dixit:
555 1360 632 1431 Non
658 1366 707 1430 est
730 1358 848 1430 bonum
873 1356 1031 1430 hominem
1060 1380 1132 1428 esse
1158 1354 1275 1443 solum,

425 1472 598 1573 jaciamus
627 1472 659 1545 ei
685 1471 875 1545 adiutorium
896 1471 1000 1544 simile
1027 1470 1096 1544 sibi.
1130 1472 1172 1543 Et
1198 1469 1280 1567 quia

357 1680 362 1693 Ι
426 1587 604 1661 beatitudo
623 1612 691 1661 non
709 1604 763 1661 est
780 1588 853 1661 sine
870 1586 994 1661 solatio
1011 1602 1048 1659 et
1063 1585 1202 1684 gaudio
1220 1610 1279 1660 so-

425 1704 506 1777 latio
532 1720 646 1777 autem
673 1720 709 1776 et
733 1703 862 1800 gaudio
887 1702 963 1799 quis
991 1702 1052 1774 frui
1076 1728 1143 1777 non
1163 1719 1280 1799 potest

384 1821 529 1904 rosolus,
556 1819 690 1892 videtur
708 1818 803 1916 quod
821 1818 980 1891 dominus
997 1842 1072 1891 eam
1091 1817 1215 1891 crearit
1233 1817 1279 1891 ad

425 1935 484 2007 viri
505 1934 791 2021 consolationem,
807 1935 886 2031 quia
900 1937 1027 2007 bonum
1042 1951 1095 2007 est
1108 1933 1158 2007 sui
1173 1934 1279 2031 ipsius

426 2050 627 2136 diffusivum,
655 2066 690 2122 et
715 2066 845 2146 quanto
872 2050 978 2124 maius
996 2066 1092 2123 tanto
1115 2049 1222 2148 magis
1240 2075 1279 2124 se

426 2165 913 2263 communicansVidesigitur,
926 2164 1070 2238 utAdam
1079 2165 1185 2262 magis
1195 2189 1280 2262 pec-

427 2280 536 2353 carit?
556 2322 600 2332 —
620 2280 730 2379 Quod
749 2281 794 2354 de
812 2279 969 2353 custodia
986 2280 1073 2354 Adae
1096 2279 1281 2353 commissa

387 2429 411 2477 ις
428 2394 583 2483 adducis,
601 2394 720 2468 addito
738 2395 784 2468 de
802 2395 931 2468 suribus
944 2394 1144 2469 domesticis
1161 2419 1281 2468 exem·

429 2511 499 2607 plo,
530 2535 646 2583 verum
678 2511 711 2584 id
737 2535 814 2585 esse
839 2510 973 2583 affirmo
1000 2511 1032 2582 in
1059 2510 1281 2584 saecularibus

430 2627 571 2724 iegibus,
598 2627 660 2700 sed
688 2652 755 2700 non
783 2628 814 2698 in
833 2626 972 2714 divinis,
993 2651 1068 2699 nam
1087 2627 1212 2700 iustitia
1229 2627 1281 2700 di·

428 2742 506 2816 vina
530 2743 627 2815 aliter
652 2744 684 2815 in
703 2742 879 2840 puniendo
897 2742 1056 2839 procedit
1074 2767 1175 2839 quam
1195 2760 1281 2815 tem—

431 2858 565 2955 poralis.
594 2858 692 2957 Quid
718 2858 832 2931 adhuc
858 2857 903 2930 de
930 2858 1078 2930 mulieris
1101 2857 1281 2957 fragilitate

387 2993 534 3073 matque
561 2975 754 3048 inordinato
779 2975 933 3071 appetitu
962 2999 1062 3072 urges
1087 2998 1131 3046 ex
1161 2998 1282 3070 super-

430 3091 556 3188 biaque
586 3091 621 3164 id
652 3115 788 3163 manare
815 3094 1014 3163 asseveras?
1039 3089 1194 3162 Arbitror
1211 3114 1281 3186 ego

431 3207 539 3280 minus
572 3231 650 3280 esse
684 3222 866 3303 peccatum
901 3205 1078 3279 scientiam
1113 3221 1281 3301 appetere

431 3323 511 3396 boni
538 3338 573 3395 et
599 3322 687 3410 mali,
711 3345 812 3417 quam
831 3320 960 3394 domini
979 3337 1157 3418 praecepta
1175 3319 1282 3417 negli-

429 3462 523 3534 gere,
554 3439 634 3535 quia
662 3436 795 3511 sciendi
825 3436 998 3534 appetitus
1023 3435 1198 3534 quoddam
1229 3453 1284 3509 est

478 3587 511 3650 (4)
528 3586 589 3636 dixit
605 3588 682 3651 (Gen.
702 3589 732 3636 11.
752 3587 806 3650 ι8);
824 3587 883 3636 Non
895 3595 934 3637 est
947 3587 1041 3637 bonum
1053 3599 1112 3636 esse
1125 3586 1251 3635 hominem
1260 3597 1281 3636 ι.
