2820 4680
705 602 744 660 90

300 758 492 855 magistratu
522 756 615 855 apud
644 780 705 830 vos
736 755 892 841 sutorum,
928 753 1007 849 quia
1040 751 1150 825 omnis

298 889 483 970 expectata
500 870 691 946 iocunditas
709 873 819 945 luctus
836 886 938 943 esset.
959 869 1042 940 Non
1059 869 1150 940 vale-

299 1012 370 1062 rem
399 987 473 1062 sine
499 987 610 1061 multis
636 987 781 1061 lacrimis
806 1010 867 1058 vos
901 984 1029 1072 videre,
1065 1008 1150 1080 quas

298 1106 416 1202 lugere
441 1103 517 1177 scio
543 1127 608 1176 nec
633 1103 705 1176 cito
732 1103 832 1174 finem
863 1100 1077 1198 imposituros
1106 1125 1149 1172 ex

273 1219 432 1317 iscriptis
459 1220 523 1292 tuis
548 1236 584 1292 et
611 1217 754 1291 maxima
773 1217 901 1291 iactura
917 1214 1035 1288 credo.
1067 1216 1148 1288 Non

297 1337 445 1409 valerent
472 1336 551 1409 loca
576 1334 631 1408 illa
652 1334 869 1431 conspicere,
897 1331 928 1403 in
947 1332 1070 1429 quibus
1089 1334 1149 1404 hu-

299 1452 478 1526 inanissimi
504 1451 562 1524 viri
581 1475 653 1524 sum
673 1448 944 1547 frequentissima
965 1465 1149 1521 consuetu·

298 1568 378 1642 dine
396 1593 485 1643 usus.
506 1570 587 1641 Non
607 1565 1034 1641 valereminselicissimanr
1054 1565 1148 1638 sarni-

298 1683 374 1757 liam
393 1683 525 1772 intueri,
543 1708 622 1779 quae
640 1683 696 1756 tali
714 1699 856 1780 parente
873 1681 993 1754 orbata
1002 1679 1053 1753 sit.
1066 1682 1148 1752 Non

256 1833 285 1867 to
297 1801 445 1873 valerem
464 1798 497 1871 in
515 1797 660 1887 aedibus,
671 1797 803 1895 plateis,
818 1795 963 1893 templis,
982 1795 1146 1868 siccis...
1173 1883 1178 1892 .

297 1915 370 1988 sine
385 1912 628 1987 iocundissimo
658 1912 786 1986 comite
804 1911 938 1985 versari.
963 1913 1012 1984 ita
1034 1927 1147 1984 mente

299 2028 449 2118 concidi,
468 2045 504 2103 ut
521 2054 592 2127 quo
606 2028 770 2126 temporis
786 2027 898 2125 spatio
916 2051 970 2099 me
990 2043 1148 2124 receptu·

298 2144 439 2233 russin,
466 2144 627 2233 nesciam,
654 2168 719 2217 nec
745 2142 863 2216 litteris
888 2142 979 2239 pium
1007 2142 1148 2240 implere

298 2259 449 2334 officium
476 2277 629 2359 potestas
654 2276 707 2333 est
736 2283 801 2331 nec
820 2283 966 2355 unquam
985 2275 1148 2355 praestare

256 2409 280 2458 ις
298 2374 451 2465 confido,
478 2375 639 2473 quoniam
664 2374 904 2448 consolatione
931 2400 986 2448 me
1005 2374 1149 2448 maxima

298 2489 451 2588 indigere
480 2490 604 2580 sentio,
631 2507 770 2563 etcum
797 2490 925 2588 aliquid
951 2489 996 2564 de
1031 2489 1146 2564 lacobi

298 2606 402 2680 nostri
428 2631 558 2682 summa
582 2606 703 2680 virtute
732 2631 774 2680 ac
803 2604 968 2704 dignitate
997 2605 1148 2681 scribere

297 2722 513 2813 occurrisset,
523 2720 645 2796 dolore
659 2722 841 2820 impeditus
857 2748 941 2797 sunt.
959 2723 1069 2795 Parce
1088 2720 1148 2817 igi·

298 2854 361 2929 tur,
375 2838 402 2913 si
416 2838 644 2937 incomposita
656 2855 692 2912 et
701 2837 889 2912 tardissima
901 2837 1028 2935 scripta
1040 2838 1146 2934 leges,

255 2989 285 3023 20
299 2954 379 3050 quia
396 2954 462 3027 mei
475 2977 623 3051 compos
636 2979 703 3027 non
721 2970 844 3027 sumet
862 2956 981 3026 multos
998 2952 1147 3026 lacrimae

300 3067 417 3143 secere
442 3069 566 3144 lituras.
596 3071 698 3143 Plura
723 3069 817 3167 loqui
835 3086 871 3143 et
889 3093 943 3142 rne
968 3067 1147 3142 continere

299 3209 367 3258 non
394 3209 544 3283 possum,
571 3211 674 3283 quum
701 3187 847 3259 lacobus
868 3184 917 3257 vir
945 3183 1148 3258 clarissimus

299 3322 342 3372 ac
375 3298 613 3374 dilectissimus
651 3300 800 3375 Romani
837 3297 914 3374 caeli
947 3298 1146 3395 gravitatem

347 3484 380 3546 (6.
398 3485 422 3548 7)
447 3485 624 3534 humanissime
641 3485 671 3534 C.
706 3484 756 3548 (to)
773 3485 831 3534 sicis
848 3483 882 3533 C..
913 3482 963 3548 (13)
978 3498 1010 3533 ne
1026 3498 1097 3533 sunm
1115 3484 1144 3534 C.

300 3562 349 3627 (υ)
366 3565 410 3625 qui
428 3564 457 3613 0
492 3563 542 3629 (η)
559 3565 681 3615 Romcnis
696 3564 726 3614 C.
