2820 4680
829 568 884 637 ¹50

426 749 553 825 ponam
563 726 595 799 in
605 726 656 800 eis
664 726 808 823 signum,
818 725 1090 800 scilicetsanctae
1099 725 1221 816 crucis,
1241 742 1276 799 et

426 841 555 916 mittam
581 866 625 916 ex
651 841 702 916 eis
723 841 782 940 qui
811 841 927 917 salvati
953 842 1077 916 suerint
1093 841 1136 916 ad
1153 858 1276 940 gentes

427 957 460 1031 in
479 957 572 1049 mari,
583 957 617 1030 in
633 957 760 1048 Africa,
779 957 811 1030 in
831 956 939 1056 Lydia
956 973 1114 1031 tenentes
1126 957 1274 1055 sagittas,

427 1073 460 1146 in
486 1073 581 1148 Italia
605 1089 641 1148 et
667 1072 810 1148 Graecia
834 1089 871 1147 et
895 1071 939 1148 ad
970 1073 1094 1147 insulas
1110 1074 1213 1172 longe
1231 1072 1275 1146 ad

400 1215 490 1279 seos
511 1189 568 1288 qui
592 1213 660 1264 non
686 1188 888 1264 audiverunt
909 1213 963 1262 me
981 1205 1018 1296 et
1035 1214 1102 1263 non
1120 1188 1276 1262 viderunt

425 1305 569 1404 gloriam
584 1329 695 1380 meam
710 1321 746 1378 et
759 1305 1153 1401 annuntiabuntgloriam
1165 1330 1274 1379 meam

424 1420 594 1519 gentibus.
631 1418 836 1494 Recordare
872 1418 931 1493 tibi
975 1444 995 1493 a
1037 1419 1180 1496 domino
1214 1447 1276 1520 per

426 1536 603 1611 leremiam
630 1534 783 1610 dictum:
812 1537 907 1609 Ecce
933 1536 1095 1610 constitui
1120 1554 1156 1609 te
1174 1561 1277 1634 super

425 1676 546 1726 omnes
578 1669 702 1749 gentes
735 1666 772 1724 et
797 1674 913 1748 regna,
945 1666 981 1724 ut
1005 1653 1131 1725 evellas
1157 1669 1193 1726 et
1214 1651 1276 1726 de·

384 1810 414 1847 10
424 1784 533 1842 struas
549 1784 586 1842 et
601 1765 756 1842 aedifices
772 1781 808 1840 et
825 1766 968 1863 plantes.
997 1768 1038 1839 Et
1055 1791 1118 1865 per
1136 1768 1275 1841 Ezechi-

425 1884 533 1959 elem:
557 1884 817 1981 Speculatorem
839 1879 968 1955 domini
985 1883 1086 1957 lsrael
1103 1883 1203 1981 posui
1221 1898 1274 1973 te;

425 1999 452 2073 si
478 1998 602 2073 videris
625 1997 774 2098 gladium
800 1997 994 2072 venientem
1021 2014 1057 2071 et
1086 2023 1154 2072 non
1185 1999 1275 2072 inso

426 2114 539 2189 nueris
563 2112 711 2187 buccina
735 2112 937 2212 veneritque
961 2111 1094 2211 gladius
1110 2130 1146 2187 et
1164 2114 1276 2186 tulerit

425 2228 569 2304 animam
588 2226 634 2301 de
651 2229 793 2325 populo,
811 2227 1008 2326 sanguinem
1021 2226 1094 2301 eius
1107 2227 1153 2301 de
1171 2229 1275 2302 mani·

384 2389 409 2441 ις
426 2345 490 2419 bus
519 2343 584 2418 tuis
613 2342 791 2440 requiram.
830 2345 914 2417 Hoc
944 2343 1034 2418 enim
1061 2368 1140 2418 vere
1167 2343 1275 2418 laten-

426 2459 507 2534 dum
532 2475 597 2551 est,
615 2475 650 2532 te
675 2456 719 2533 ad
737 2459 806 2532 hoc
823 2457 916 2532 sedis
933 2459 1137 2557 apostolicae
1154 2461 1273 2534 solium

425 2573 617 2675 possidere,
644 2589 680 2648 ut
705 2573 817 2648 ovium
841 2590 971 2649 tuarum
989 2599 1105 2649 curam
1122 2600 1223 2673 geras
1240 2594 1276 2651 et

425 2715 505 2766 cum
518 2689 635 2764 videas
648 2690 763 2788 lupum
776 2688 982 2780 venientem,
1001 2690 1138 2765 minime
1157 2691 1274 2790 fugias,

425 2806 488 2882 sed
501 2831 617 2881 earum
635 2804 781 2879 libertati
799 2821 836 2879 et
853 2805 983 2879 utilitati
1001 2807 1179 2881 salubriter
1196 2832 1276 2904 pro

382 2968 413 3004 20
425 2921 552 2997 videas.
581 2922 618 2996 Ο
653 2937 782 3020 quanta
814 2920 971 2995 divinitus
1003 2920 1173 2995 sanctitati
1207 2939 1275 2996 tuae

424 3037 533 3136 gratia
569 3037 767 3129 demittitur,
797 3054 925 3134 quanta
953 3035 1063 3112 laudis
1091 3055 1127 3111 et
1155 3037 1275 3135 gloriae

426 3170 562 3251 paratur
599 3153 759 3229 occasio!
805 3155 888 3228 Eam
923 3154 1021 3228 laetus
1049 3151 1274 3252 gaudensque

425 3269 672 3368 complectere.
696 3269 753 3344 Sic
766 3293 888 3343 omnes
900 3292 1135 3367 praecessores
1148 3285 1225 3343 tuos
1243 3269 1275 3341 in

426 3385 619 3460 Romanam
628 3384 812 3460 ecclesiam
830 3383 1007 3459 beneficiis
1021 3383 1166 3459 maxime
1179 3401 1275 3459 ante

382 3543 409 3596 ²5
424 3500 542 3575 celles.
566 3502 652 3602 Quo
665 3500 805 3600 quidem
819 3517 941 3576 sancto
953 3517 990 3575 et
1000 3498 1154 3599 glorioso
1166 3525 1276 3599 opere
