2820 4680
518 568 569 647 381

120 738 207 799 Visus
220 738 324 800 adesse
336 750 432 821 pater:
450 740 525 801 Mea
538 740 610 819 quid
627 758 692 800 mea
707 749 774 800 nata
789 750 914 820 nepotes
989 760 1036 808 420

122 836 211 916 Quos
225 836 317 897 debes
332 837 409 912 mihi,
428 855 504 911 cara,
522 856 611 917 negas
623 839 634 898 l
646 837 704 898 Sed
720 836 825 898 desino
840 847 923 897 natos

120 934 282 1014 Quaerere;
297 934 368 1014 quid
385 954 444 995 non
459 946 497 1008 te,
517 935 610 1014 qualis
626 935 672 1008 sis,
693 946 792 994 mente
806 933 905 995 videre

123 1033 225 1111 Pergis
246 1043 276 1093 et
289 1043 357 1093 ante
371 1050 465 1093 annos
480 1033 614 1093 meritum
628 1032 680 1093 tibi
694 1031 767 1092 velle
781 1031 908 1092 seniles?

124 1131 237 1190 Nonne
251 1148 292 1204 es,
312 1149 371 1210 qua
387 1129 481 1191 nullus
497 1129 646 1190 meliorem
663 1131 775 1190 noverit
789 1131 907 1190 annus?

121 1228 194 1306 Qua
209 1246 268 1287 non
283 1228 363 1288 orbis
378 1227 465 1288 habet
481 1229 643 1289 maiorem?
659 1228 771 1288 Dicere
787 1246 873 1308 prosa
991 1250 1033 1299 425

120 1326 168 1385 Tu
186 1336 314 1405 polesot
330 1344 424 1399 versu,
443 1337 474 1386 tu
490 1325 625 1405 religiosa
644 1324 763 1405 superni

123 1423 233 1482 Noscis
245 1422 321 1483 facta
338 1424 421 1496 lovis,
441 1423 536 1503 magni
553 1434 704 1504 praecepta
717 1423 844 1483 tonantis

121 1518 189 1579 Sola
203 1531 296 1592 tenes,
316 1538 414 1581 rerum
429 1520 583 1601 complexa
598 1538 717 1594 arcana3
732 1520 804 1600 quid
819 1538 898 1592 usus,

121 1617 205 1696 Quid
220 1617 333 1678 valeant
347 1617 435 1697 leges,
454 1637 516 1698 quo
530 1619 608 1678 cives
622 1619 717 1678 vivere
732 1635 823 1690 more,

123 1715 234 1775 Omnia
249 1715 310 1775 sola
324 1726 418 1776 tenes.
440 1718 500 1776 lam
514 1716 552 1776 de
567 1727 596 1775 te
610 1716 718 1794 cogitat
731 1716 827 1777 omnis
991 1741 1038 1789 430

125 1813 204 1872 ltalia
218 1824 322 1892 estque
337 1814 393 1874 tuis
408 1832 464 1874 vox
480 1813 642 1873 indelebilis
653 1813 746 1873 annis.

125 1912 192 1971 Nec
206 1911 256 1970 tibi
271 1911 358 1971 dulce
373 1913 479 1971 sonat?
497 1913 608 1971 Necte
623 1910 775 1970 temeraria
790 1910 886 1970 nosti?

123 2009 206 2087 Quid
222 2009 313 2068 sacis?
328 2011 425 2089 Atque
441 2009 518 2069 iuvat
532 2020 581 2068 tua
596 2008 667 2087 quid
682 2019 712 2068 te
725 2007 825 2087 gloria,
844 2008 866 2067 si
881 2018 911 2067 te

125 2107 195 2165 Non
216 2105 344 2165 delectat
358 2124 441 2166 arnor
455 2105 569 2166 laudis?
588 2108 656 2166 Nec
671 2103 783 2165 nubere
798 2122 893 2165 cures.

121 2202 210 2263 Sume
225 2214 323 2263 tamen
338 2215 433 2264 vestes
447 2205 533 2264 tantis
547 2203 699 2264 virtutibus
714 2214 796 2284 aptas
991 2232 1033 2279 4³5

126 2303 162 2361 Er
176 2319 307 2379 gemmas
319 2319 468 2382 compone
482 2301 546 2374 tibi;
561 2301 723 2381 gratissima
737 2301 825 2361 virtus

125 2400 177 2458 Est
198 2417 242 2472 ea,
270 2417 339 2478 quae
363 2400 485 2460 sormam
509 2399 665 2460 comitatur
679 2398 791 2459 honore
805 2398 972 2480 superbam.

122 2495 225 2556 Gloria
238 2496 349 2556 virtutis
364 2515 476 2557 merces
493 2508 522 2557 te
537 2515 650 2557 summa
664 2508 814 2576 sequetur,

121 2592 150 2653 si
163 2593 278 2653 monitis
289 2605 355 2667 stas,
372 2605 447 2667 nata,
464 2594 548 2667 meis;
564 2612 667 2674 parere
683 2594 796 2675 parenti

123 2689 237 2762 Debes,
257 2701 332 2764 nata,
351 2701 414 2764 tuo;
430 2690 522 2751 debes
536 2691 638 2751 audire
654 2701 832 2750 monentem.
990 2722 1037 2769 440

161 2791 198 2848 At
211 2806 279 2848 cum
294 2787 464 2868 iampridem
478 2800 610 2850 teneram
625 2789 706 2869 prior
719 2788 782 2868 ipse
798 2783 923 2868 puellam

122 2886 268 2965 Liquisset
283 2887 409 2946 moriens
423 2899 563 2966 essetque
577 2886 613 2946 ad
628 2887 732 2967 sydera
747 2896 856 2966 raptus,

124 2984 279 3044 Praesentit
293 2984 390 3044 subito
403 2985 544 3044 tentantis
561 2986 650 3044 lsotta
666 2983 824 3044 uelandum

123 3080 289 3141 Fraudibus
305 3082 464 3161 ingenium,
483 3083 534 3161 qui
549 3081 669 3161 quando
683 3080 803 3142 libidine
818 3079 897 3140 nulla

122 3179 298 3252 Commovit‚
317 3189 417 3251 tentat,
436 3178 507 3258 quid
519 3179 612 3238 inanis
622 3177 714 3259 gloria
725 3178 824 3258 possit.
989 3211 1032 3261 4⁴5

124 3277 194 3337 Hoc
208 3288 252 3338 est
267 3277 348 3337 firma
363 3276 461 3356 magis,
480 3275 588 3337 stabilis
603 3275 693 3356 magis
708 3273 762 3349 illa,
782 3293 838 3336 nec
852 3273 911 3335 ullo

169 3461 235 3527 (423)
250 3464 364 3511 meritam
381 3462 412 3512 C.
447 3460 513 3525 (⁴²⁶)
531 3462 660 3525 relligiosa
680 3462 708 3510 V.
743 3459 808 3525 (43⁶)
821 3461 932 3525 gemines
944 3462 972 3509 V.

122 3543 187 3607 (443)
197 3543 328 3593 Prosensit
336 3556 356 3592 s.
368 3542 514 3606 temptantis
525 3542 553 3589 V.
569 3540 634 3606 (445)
644 3542 782 3606 remptutl'.
796 3539 861 3606 (446)
870 3541 935 3593 Hae
943 3540 973 3592 G
