<?xml version="1.0" encoding="UTF-8"?>
<!DOCTYPE html PUBLIC "-//W3C//DTD XHTML 1.0 Transitional//EN"
    "http://www.w3.org/TR/xhtml1/DTD/xhtml1-transitional.dtd">
<html xmlns="http://www.w3.org/1999/xhtml" xml:lang="en" lang="en">
 <head>
  <title>
</title>
<meta http-equiv="Content-Type" content="text/html;charset=utf-8" />
  <meta name='ocr-system' content='tesseract 3.04.00' />
  <meta name='ocr-capabilities' content='ocr_page ocr_carea ocr_par ocr_line ocrx_word'/>
</head>
<body>
  <div class='ocr_page' id='page_1' title='image "./isotnogarolvero01nogagoog/isotnogarolvero01nogagoog_0071.png"; bbox 0 0 2820 4680; ppageno 0'>
   <div class='ocr_carea' id='block_1_1' title="bbox 828 536 868 601">
    <p class='ocr_par' dir='ltr' id='par_1_1' title="bbox 828 536 868 601">
     <span class='ocr_line' id='line_1_1' title="bbox 828 536 868 601; baseline 0 0"><span class='ocrx_word' id='word_1_1' title='bbox 828 536 868 601; x_wconf 82' lang='lat'>60</span> 
     </span>
    </p>
   </div>
   <div class='ocr_carea' id='block_1_2' title="bbox 387 708 1282 2286">
    <p class='ocr_par' dir='ltr' id='par_1_2' title="bbox 387 708 1282 2286">
     <span class='ocr_line' id='line_1_2' title="bbox 429 708 1281 808; baseline -0.005 -22"><span class='ocrx_word' id='word_1_2' title='bbox 429 711 626 786; x_wconf 86' lang='lat' dir='ltr'>consectam</span> <span class='ocrx_word' id='word_1_3' title='bbox 656 711 825 808; x_wconf 82' lang='lat' dir='ltr'><strong>squalere,</strong></span> <span class='ocrx_word' id='word_1_4' title='bbox 845 709 1033 784; x_wconf 89' lang='lat' dir='ltr'>universam</span> <span class='ocrx_word' id='word_1_5' title='bbox 1058 708 1281 808; x_wconf 89' lang='lat' dir='ltr'>generosissi-</span> 
     </span>
     <span class='ocr_line' id='line_1_3' title="bbox 429 824 1280 925; baseline -0.002 -24"><span class='ocrx_word' id='word_1_6' title='bbox 429 853 518 901; x_wconf 91' lang='lat' dir='ltr'>mam</span> <span class='ocrx_word' id='word_1_7' title='bbox 537 825 695 901; x_wconf 78' lang='lat' dir='ltr'>familiam</span> <span class='ocrx_word' id='word_1_8' title='bbox 712 825 828 925; x_wconf 78' lang='lat' dir='ltr'>affligi,</span> <span class='ocrx_word' id='word_1_9' title='bbox 842 824 1156 899; x_wconf 84' lang='lat' dir='ltr'>florentissimorum</span> <span class='ocrx_word' id='word_1_10' title='bbox 1170 827 1280 899; x_wconf 91' lang='lat' dir='ltr'>Vero-</span> 
     </span>
     <span class='ocr_line' id='line_1_4' title="bbox 429 940 1277 1040; baseline -0.004 -25"><span class='ocrx_word' id='word_1_11' title='bbox 429 942 582 1017; x_wconf 89' lang='lat' dir='ltr'>nensium</span> <span class='ocrx_word' id='word_1_12' title='bbox 592 967 750 1040; x_wconf 87' lang='lat' dir='ltr'>magnum</span> <span class='ocrx_word' id='word_1_13' title='bbox 761 942 874 1014; x_wconf 89' lang='lat' dir='ltr'>lumen</span> <span class='ocrx_word' id='word_1_14' title='bbox 884 940 1277 1038; x_wconf 90' lang='lat' dir='ltr'>concidissecognosco.</span> 
     </span>
     <span class='ocr_line' id='line_1_5' title="bbox 429 1054 1280 1154; baseline -0.006 -21"><span class='ocrx_word' id='word_1_15' title='bbox 429 1061 460 1133; x_wconf 91' lang='lat' dir='ltr'>ls</span> <span class='ocrx_word' id='word_1_16' title='bbox 477 1057 537 1132; x_wconf 90' lang='lat' dir='ltr'>tibi</span> <span class='ocrx_word' id='word_1_17' title='bbox 552 1057 583 1130; x_wconf 96' lang='lat' dir='ltr'>in</span> <span class='ocrx_word' id='word_1_18' title='bbox 597 1057 703 1132; x_wconf 91' lang='lat' dir='ltr'>sacris</span> <span class='ocrx_word' id='word_1_19' title='bbox 716 1055 834 1130; x_wconf 88' lang='lat' dir='ltr'>studiis</span> <span class='ocrx_word' id='word_1_20' title='bbox 847 1054 1124 1153; x_wconf 85' lang='lat' dir='ltr'>occupatissimae</span> <span class='ocrx_word' id='word_1_21' title='bbox 1139 1072 1280 1154; x_wconf 89' lang='lat' dir='ltr'>propter</span> 
     </span>
     <span class='ocr_line' id='line_1_6' title="bbox 404 1171 1278 1268; baseline -0.011 -15"><span class='ocrx_word' id='word_1_22' title='bbox 404 1172 605 1254; x_wconf 85' lang='lat' dir='ltr'>radversam</span> <span class='ocrx_word' id='word_1_23' title='bbox 636 1172 854 1247; x_wconf 87' lang='lat' dir='ltr'>valitudinem</span> <span class='ocrx_word' id='word_1_24' title='bbox 885 1171 1162 1268; x_wconf 89' lang='lat' dir='ltr'>pernecessarius</span> <span class='ocrx_word' id='word_1_25' title='bbox 1195 1189 1278 1245; x_wconf 89' lang='lat' dir='ltr'>erat.</span> 
     </span>
     <span class='ocr_line' id='line_1_7' title="bbox 431 1286 1280 1364; baseline -0.004 -2"><span class='ocrx_word' id='word_1_26' title='bbox 431 1291 550 1364; x_wconf 87' lang='lat' dir='ltr'>Probo</span> <span class='ocrx_word' id='word_1_27' title='bbox 567 1288 714 1363; x_wconf 85' lang='lat' dir='ltr'>maxime</span> <span class='ocrx_word' id='word_1_28' title='bbox 736 1286 822 1362; x_wconf 87' lang='lat' dir='ltr'>illius</span> <span class='ocrx_word' id='word_1_29' title='bbox 849 1287 881 1360; x_wconf 92' lang='lat' dir='ltr'>in</span> <span class='ocrx_word' id='word_1_30' title='bbox 908 1304 942 1361; x_wconf 89' lang='lat' dir='ltr'>te</span> <span class='ocrx_word' id='word_1_31' title='bbox 967 1286 1134 1361; x_wconf 89' lang='lat' dir='ltr'>servanda</span> <span class='ocrx_word' id='word_1_32' title='bbox 1160 1286 1280 1362; x_wconf 83' lang='lat' dir='ltr'>fidissi·</span> 
     </span>
     <span class='ocr_line' id='line_1_8' title="bbox 429 1402 1280 1501; baseline -0.002 -23"><span class='ocrx_word' id='word_1_33' title='bbox 429 1429 516 1479; x_wconf 88' lang='lat' dir='ltr'>mam</span> <span class='ocrx_word' id='word_1_34' title='bbox 531 1428 658 1491; x_wconf 80' lang='lat' dir='ltr'>curam,</span> <span class='ocrx_word' id='word_1_35' title='bbox 669 1429 749 1501; x_wconf 86' lang='lat' dir='ltr'>quae</span> <span class='ocrx_word' id='word_1_36' title='bbox 767 1403 813 1477; x_wconf 91' lang='lat' dir='ltr'>tui</span> <span class='ocrx_word' id='word_1_37' title='bbox 833 1403 1008 1501; x_wconf 85' lang='lat' dir='ltr'><strong>negligens</strong></span> <span class='ocrx_word' id='word_1_38' title='bbox 1025 1402 1191 1477; x_wconf 81' lang='lat' dir='ltr'>diviniora</span> <span class='ocrx_word' id='word_1_39' title='bbox 1203 1427 1280 1476; x_wconf 89' lang='lat' dir='ltr'>sec-</span> 
     </span>
     <span class='ocr_line' id='line_1_9' title="bbox 428 1517 1280 1616; baseline -0.002 -23"><span class='ocrx_word' id='word_1_40' title='bbox 428 1520 518 1594; x_wconf 91' lang='lat' dir='ltr'>taris.</span> <span class='ocrx_word' id='word_1_41' title='bbox 537 1521 641 1594; x_wconf 85' lang='lat' dir='ltr'>Acies</span> <span class='ocrx_word' id='word_1_42' title='bbox 659 1519 714 1592; x_wconf 92' lang='lat' dir='ltr'>illa</span> <span class='ocrx_word' id='word_1_43' title='bbox 731 1519 777 1591; x_wconf 88' lang='lat' dir='ltr'>tui</span> <span class='ocrx_word' id='word_1_44' title='bbox 801 1517 925 1616; x_wconf 90' lang='lat' dir='ltr'>ingenii</span> <span class='ocrx_word' id='word_1_45' title='bbox 946 1542 1105 1615; x_wconf 79' lang='lat' dir='ltr'>supernae</span> <span class='ocrx_word' id='word_1_46' title='bbox 1119 1541 1280 1616; x_wconf 86' lang='lat' dir='ltr'>veraeque</span> 
     </span>
     <span class='ocr_line' id='line_1_10' title="bbox 428 1633 1281 1733; baseline -0.004 -24"><span class='ocrx_word' id='word_1_47' title='bbox 428 1635 565 1709; x_wconf 80' lang='lat' dir='ltr'>deitatis</span> <span class='ocrx_word' id='word_1_48' title='bbox 582 1634 770 1733; x_wconf 86' lang='lat' dir='ltr'>cognitioni</span> <span class='ocrx_word' id='word_1_49' title='bbox 793 1633 922 1707; x_wconf 87' lang='lat' dir='ltr'>intenta</span> <span class='ocrx_word' id='word_1_50' title='bbox 947 1633 1104 1730; x_wconf 92' lang='lat' dir='ltr'>corporis</span> <span class='ocrx_word' id='word_1_51' title='bbox 1121 1648 1157 1706; x_wconf 91' lang='lat' dir='ltr'>et</span> <span class='ocrx_word' id='word_1_52' title='bbox 1174 1649 1281 1706; x_wconf 90' lang='lat' dir='ltr'>terre-</span> 
     </span>
     <span class='ocr_line' id='line_1_11' title="bbox 387 1747 1281 1845; baseline -0.003 -22"><span class='ocrx_word' id='word_1_53' title='bbox 387 1776 549 1825; x_wconf 72' lang='lat' dir='ltr'>tonorum</span> <span class='ocrx_word' id='word_1_54' title='bbox 584 1751 735 1824; x_wconf 91' lang='lat' dir='ltr'>omnium</span> <span class='ocrx_word' id='word_1_55' title='bbox 761 1748 981 1837; x_wconf 85' lang='lat' dir='ltr'>obliviscitur,</span> <span class='ocrx_word' id='word_1_56' title='bbox 1009 1747 1108 1845; x_wconf 89' lang='lat' dir='ltr'>igitur</span> <span class='ocrx_word' id='word_1_57' title='bbox 1133 1747 1281 1822; x_wconf 92' lang='lat' dir='ltr'>consilio</span> 
     </span>
     <span class='ocr_line' id='line_1_12' title="bbox 429 1862 1280 1964; baseline -0.006 -24"><span class='ocrx_word' id='word_1_58' title='bbox 429 1883 520 1964; x_wconf 88' lang='lat' dir='ltr'>eget.</span> <span class='ocrx_word' id='word_1_59' title='bbox 540 1866 684 1963; x_wconf 88' lang='lat' dir='ltr'>Suscepi</span> <span class='ocrx_word' id='word_1_60' title='bbox 703 1882 817 1939; x_wconf 88' lang='lat' dir='ltr'>tamen</span> <span class='ocrx_word' id='word_1_61' title='bbox 832 1866 1054 1962; x_wconf 84' lang='lat' dir='ltr'>voluptatem,</span> <span class='ocrx_word' id='word_1_62' title='bbox 1068 1862 1164 1961; x_wconf 90' lang='lat' dir='ltr'>quod</span> <span class='ocrx_word' id='word_1_63' title='bbox 1179 1863 1211 1936; x_wconf 94' lang='lat' dir='ltr'>in</span> <span class='ocrx_word' id='word_1_64' title='bbox 1230 1863 1280 1960; x_wconf 83' lang='lat' dir='ltr'>ip</span> 
     </span>
     <span class='ocr_line' id='line_1_13' title="bbox 429 1978 1280 2078; baseline -0.005 -23"><span class='ocrx_word' id='word_1_65' title='bbox 429 1981 497 2055; x_wconf 86' lang='lat' dir='ltr'>sius</span> <span class='ocrx_word' id='word_1_66' title='bbox 517 1980 721 2078; x_wconf 84' lang='lat' dir='ltr'>aegritudine</span> <span class='ocrx_word' id='word_1_67' title='bbox 748 1979 1022 2077; x_wconf 83' lang='lat' dir='ltr'>frequentissima</span> <span class='ocrx_word' id='word_1_68' title='bbox 1047 1978 1149 2053; x_wconf 79' lang='lat' dir='ltr'>fueris</span> <span class='ocrx_word' id='word_1_69' title='bbox 1175 1995 1280 2076; x_wconf 89' lang='lat' dir='ltr'>teque</span> 
     </span>
     <span class='ocr_line' id='line_1_14' title="bbox 429 2093 1282 2195; baseline -0.001 -26"><span class='ocrx_word' id='word_1_70' title='bbox 429 2114 465 2170; x_wconf 84' lang='lat' dir='ltr'>et</span> <span class='ocrx_word' id='word_1_71' title='bbox 480 2114 610 2195; x_wconf 83' lang='lat' dir='ltr'>gratam</span> <span class='ocrx_word' id='word_1_72' title='bbox 628 2115 664 2170; x_wconf 86' lang='lat' dir='ltr'>et</span> <span class='ocrx_word' id='word_1_73' title='bbox 684 2120 872 2170; x_wconf 88' lang='lat' dir='ltr'>memorem</span> <span class='ocrx_word' id='word_1_74' title='bbox 891 2094 1138 2169; x_wconf 89' lang='lat' dir='ltr'>beneficiorum</span> <span class='ocrx_word' id='word_1_75' title='bbox 1163 2093 1282 2168; x_wconf 93' lang='lat' dir='ltr'>decla·</span> 
     </span>
     <span class='ocr_line' id='line_1_15' title="bbox 429 2208 1282 2286; baseline -0.002 -2"><span class='ocrx_word' id='word_1_76' title='bbox 429 2211 564 2286; x_wconf 87' lang='lat' dir='ltr'>raveris.</span> <span class='ocrx_word' id='word_1_77' title='bbox 594 2211 783 2285; x_wconf 89' lang='lat' dir='ltr'>Piissimam</span> <span class='ocrx_word' id='word_1_78' title='bbox 803 2214 926 2285; x_wconf 90' lang='lat' dir='ltr'>lsotam</span> <span class='ocrx_word' id='word_1_79' title='bbox 948 2210 1142 2284; x_wconf 82' lang='lat' dir='ltr'>accinctam</span> <span class='ocrx_word' id='word_1_80' title='bbox 1160 2227 1195 2283; x_wconf 85' lang='lat' dir='ltr'>et</span> <span class='ocrx_word' id='word_1_81' title='bbox 1212 2208 1282 2283; x_wconf 85' lang='lat' dir='ltr'>sus·</span> 
     </span>
    </p>
   </div>
   <div class='ocr_carea' id='block_1_3' title="bbox 388 2324 1283 3122">
    <p class='ocr_par' dir='ltr' id='par_1_3' title="bbox 388 2324 1283 2890">
     <span class='ocr_line' id='line_1_16' title="bbox 388 2324 1281 2410; baseline 0.001 -14"><span class='ocrx_word' id='word_1_82' title='bbox 388 2359 414 2410; x_wconf 83' lang='lat'>15</span> <span class='ocrx_word' id='word_1_83' title='bbox 431 2325 628 2402; x_wconf 90' lang='lat' dir='ltr'>larcinatam</span> <span class='ocrx_word' id='word_1_84' title='bbox 647 2326 764 2401; x_wconf 89' lang='lat' dir='ltr'>videre</span> <span class='ocrx_word' id='word_1_85' title='bbox 781 2325 903 2400; x_wconf 91' lang='lat' dir='ltr'>videor</span> <span class='ocrx_word' id='word_1_86' title='bbox 924 2325 1079 2400; x_wconf 79' lang='lat' dir='ltr'>‘l&#39;roiano</span> <span class='ocrx_word' id='word_1_87' title='bbox 1105 2324 1220 2398; x_wconf 89' lang='lat' dir='ltr'>cibum</span> <span class='ocrx_word' id='word_1_88' title='bbox 1246 2341 1281 2398; x_wconf 88' lang='lat' dir='ltr'>et</span> 
     </span>
     <span class='ocr_line' id='line_1_17' title="bbox 431 2440 1281 2542; baseline -0.006 -25"><span class='ocrx_word' id='word_1_89' title='bbox 431 2444 557 2542; x_wconf 89' lang='lat' dir='ltr'>pocula</span> <span class='ocrx_word' id='word_1_90' title='bbox 575 2441 773 2516; x_wconf 89' lang='lat' dir='ltr'>ministrare.</span> <span class='ocrx_word' id='word_1_91' title='bbox 802 2443 839 2516; x_wconf 94' lang='grc' dir='ltr'>Ο</span> <span class='ocrx_word' id='word_1_92' title='bbox 861 2441 1030 2540; x_wconf 88' lang='lat' dir='ltr'>singulare</span> <span class='ocrx_word' id='word_1_93' title='bbox 1049 2440 1167 2514; x_wconf 89' lang='lat' dir='ltr'>mortis</span> <span class='ocrx_word' id='word_1_94' title='bbox 1191 2442 1281 2514; x_wconf 92' lang='lat' dir='ltr'>sola-</span> 
     </span>
     <span class='ocr_line' id='line_1_18' title="bbox 430 2557 1282 2657; baseline -0.004 -26"><span class='ocrx_word' id='word_1_95' title='bbox 430 2558 524 2648; x_wconf 87' lang='lat' dir='ltr'>tium,</span> <span class='ocrx_word' id='word_1_96' title='bbox 542 2561 685 2657; x_wconf 85' lang='lat' dir='ltr'>angelos</span> <span class='ocrx_word' id='word_1_97' title='bbox 702 2574 851 2633; x_wconf 87' lang='lat' dir='ltr'>astantes</span> <span class='ocrx_word' id='word_1_98' title='bbox 869 2558 1014 2632; x_wconf 90' lang='lat' dir='ltr'>haberel</span> <span class='ocrx_word' id='word_1_99' title='bbox 1034 2557 1282 2631; x_wconf 74' lang='lat' dir='ltr'>sublevabatur</span> 
     </span>
     <span class='ocr_line' id='line_1_19' title="bbox 431 2670 1280 2774; baseline -0.006 -25"><span class='ocrx_word' id='word_1_100' title='bbox 431 2675 539 2749; x_wconf 90' lang='lat' dir='ltr'>morbi</span> <span class='ocrx_word' id='word_1_101' title='bbox 556 2674 722 2774; x_wconf 88' lang='lat' dir='ltr'>gravitate</span> <span class='ocrx_word' id='word_1_102' title='bbox 738 2690 775 2747; x_wconf 89' lang='lat' dir='ltr'>et</span> <span class='ocrx_word' id='word_1_103' title='bbox 792 2674 909 2749; x_wconf 86' lang='lat' dir='ltr'>mortis</span> <span class='ocrx_word' id='word_1_104' title='bbox 927 2690 1058 2748; x_wconf 90' lang='lat' dir='ltr'>terrore</span> <span class='ocrx_word' id='word_1_105' title='bbox 1071 2671 1136 2746; x_wconf 84' lang='lat' dir='ltr'>tuis</span> <span class='ocrx_word' id='word_1_106' title='bbox 1153 2670 1280 2745; x_wconf 84' lang='lat' dir='ltr'>nedum</span> 
     </span>
     <span class='ocr_line' id='line_1_20' title="bbox 429 2787 1283 2890; baseline -0.005 -25"><span class='ocrx_word' id='word_1_107' title='bbox 429 2790 617 2890; x_wconf 85' lang='lat' dir='ltr'>obsequiis,</span> <span class='ocrx_word' id='word_1_108' title='bbox 635 2789 697 2864; x_wconf 86' lang='lat' dir='ltr'>sed</span> <span class='ocrx_word' id='word_1_109' title='bbox 720 2789 832 2864; x_wconf 91' lang='lat' dir='ltr'>verbis</span> <span class='ocrx_word' id='word_1_110' title='bbox 857 2806 893 2861; x_wconf 85' lang='lat' dir='ltr'>et</span> <span class='ocrx_word' id='word_1_111' title='bbox 909 2787 1078 2877; x_wconf 85' lang='lat' dir='ltr'>doctrina,</span> <span class='ocrx_word' id='word_1_112' title='bbox 1095 2812 1176 2885; x_wconf 88' lang='lat' dir='ltr'>quae</span> <span class='ocrx_word' id='word_1_113' title='bbox 1201 2811 1283 2861; x_wconf 88' lang='lat' dir='ltr'>vera</span> 
     </span>
    </p>

    <p class='ocr_par' dir='ltr' id='par_1_4' title="bbox 388 2902 1281 3122">
     <span class='ocr_line' id='line_1_21' title="bbox 388 2902 1281 3001; baseline 0.002 -27"><span class='ocrx_word' id='word_1_114' title='bbox 388 2938 419 2975; x_wconf 77' lang='grc' dir='ltr'>ιο</span> <span class='ocrx_word' id='word_1_115' title='bbox 430 2906 596 2997; x_wconf 89' lang='lat' dir='ltr'>bonitate,</span> <span class='ocrx_word' id='word_1_116' title='bbox 606 2932 674 2980; x_wconf 95' lang='lat' dir='ltr'>non</span> <span class='ocrx_word' id='word_1_117' title='bbox 686 2904 852 2979; x_wconf 87' lang='lat' dir='ltr'>umbratili</span> <span class='ocrx_word' id='word_1_118' title='bbox 866 2902 1096 3001; x_wconf 87' lang='lat' dir='ltr'>singularique</span> <span class='ocrx_word' id='word_1_119' title='bbox 1109 2902 1281 3000; x_wconf 83' lang='lat' dir='ltr'>probitate</span> 
     </span>
     <span class='ocr_line' id='line_1_22' title="bbox 432 3016 1281 3122; baseline -0.004 -29"><span class='ocrx_word' id='word_1_120' title='bbox 432 3020 550 3120; x_wconf 82' lang='lat' dir='ltr'>fulges.</span> <span class='ocrx_word' id='word_1_121' title='bbox 571 3024 688 3122; x_wconf 88' lang='lat' dir='ltr'>Quam</span> <span class='ocrx_word' id='word_1_122' title='bbox 705 3046 775 3118; x_wconf 86' lang='lat' dir='ltr'>ego</span> <span class='ocrx_word' id='word_1_123' title='bbox 793 3019 858 3094; x_wconf 89' lang='lat' dir='ltr'>iarn</span> <span class='ocrx_word' id='word_1_124' title='bbox 880 3017 938 3092; x_wconf 93' lang='lat' dir='ltr'>diu</span> <span class='ocrx_word' id='word_1_125' title='bbox 963 3034 1127 3115; x_wconf 83' lang='lat' dir='ltr'>expertus</span> <span class='ocrx_word' id='word_1_126' title='bbox 1153 3016 1281 3115; x_wconf 88' lang='lat' dir='ltr'>ubique</span> 
     </span>
    </p>
   </div>
   <div class='ocr_carea' id='block_1_4' title="bbox 432 3272 1313 3580">
    <p class='ocr_par' dir='ltr' id='par_1_5' title="bbox 432 3272 1313 3580">
     <span class='ocr_line' id='line_1_23' title="bbox 479 3272 1282 3340; baseline -0.006 -14"><span class='ocrx_word' id='word_1_127' title='bbox 479 3274 512 3340; x_wconf 74' lang='grc' dir='ltr'>(ς.</span> <span class='ocrx_word' id='word_1_128' title='bbox 530 3277 554 3338; x_wconf 82' lang='grc'>6)</span> <span class='ocrx_word' id='word_1_129' title='bbox 571 3285 634 3335; x_wconf 76' lang='lat' dir='ltr'>erat,</span> <span class='ocrx_word' id='word_1_130' title='bbox 660 3277 769 3338; x_wconf 82' lang='lat' dir='ltr'>probam</span> <span class='ocrx_word' id='word_1_131' title='bbox 794 3276 824 3326; x_wconf 89' lang='lat' dir='ltr'>c.</span> <span class='ocrx_word' id='word_1_132' title='bbox 857 3275 893 3339; x_wconf 79' lang='lat' dir='ltr'>(a)</span> <span class='ocrx_word' id='word_1_133' title='bbox 913 3273 1063 3325; x_wconf 68' lang='lat' dir='ltr'>sanandam</span> <span class='ocrx_word' id='word_1_134' title='bbox 1079 3274 1110 3324; x_wconf 74' lang='lat' dir='ltr'>c</span> <span class='ocrx_word' id='word_1_135' title='bbox 1144 3272 1179 3338; x_wconf 80' lang='grc'>(9)</span> <span class='ocrx_word' id='word_1_136' title='bbox 1195 3273 1282 3336; x_wconf 78' lang='lat' dir='ltr'>cogni-</span> 
     </span>
     <span class='ocr_line' id='line_1_24' title="bbox 433 3352 1313 3420; baseline -0.008 -16"><span class='ocrx_word' id='word_1_137' title='bbox 433 3355 503 3405; x_wconf 80' lang='lat' dir='ltr'>tione</span> <span class='ocrx_word' id='word_1_138' title='bbox 527 3355 558 3406; x_wconf 75' lang='grc'><strong>0</strong></span> <span class='ocrx_word' id='word_1_139' title='bbox 592 3355 642 3420; x_wconf 90' lang='grc' dir='ltr'><strong>(ιο)</strong></span> <span class='ocrx_word' id='word_1_140' title='bbox 666 3354 855 3406; x_wconf 73' lang='lat' dir='ltr'>obliviscare</span> <span class='ocrx_word' id='word_1_141' title='bbox 889 3355 940 3419; x_wconf 88' lang='grc' dir='ltr'><strong>(ιι)</strong></span> <span class='ocrx_word' id='word_1_142' title='bbox 963 3354 1008 3417; x_wconf 86' lang='lat' dir='ltr'>qul</span> <span class='ocrx_word' id='word_1_143' title='bbox 1025 3353 1055 3404; x_wconf 73' lang='grc' dir='ltr'><strong>Ο</strong></span> <span class='ocrx_word' id='word_1_144' title='bbox 1089 3352 1139 3417; x_wconf 84' lang='grc' dir='ltr'><strong>(ιι)</strong></span> <span class='ocrx_word' id='word_1_145' title='bbox 1160 3353 1281 3415; x_wconf 81' lang='lat' dir='ltr'>trequen-</span> <span class='ocrx_word' id='word_1_146' title='bbox 1309 3387 1313 3396; x_wconf 91' lang='lat'><em>.</em></span> 
     </span>
     <span class='ocr_line' id='line_1_25' title="bbox 432 3431 1280 3499; baseline -0.006 -15"><span class='ocrx_word' id='word_1_147' title='bbox 432 3436 552 3486; x_wconf 68' lang='lat' dir='ltr'>tissimum</span> <span class='ocrx_word' id='word_1_148' title='bbox 568 3435 598 3486; x_wconf 76' lang='lat'><em>0</em></span> <span class='ocrx_word' id='word_1_149' title='bbox 632 3434 888 3499; x_wconf 69' lang='lat' dir='ltr'>(1415laccintam</span> <span class='ocrx_word' id='word_1_150' title='bbox 912 3442 938 3484; x_wconf 83' lang='lat' dir='ltr'>et</span> <span class='ocrx_word' id='word_1_151' title='bbox 963 3433 1147 3484; x_wconf 76' lang='lat' dir='ltr'>suffracinmam</span> <span class='ocrx_word' id='word_1_152' title='bbox 1164 3433 1194 3483; x_wconf 78' lang='lat' dir='ltr'>C</span> <span class='ocrx_word' id='word_1_153' title='bbox 1228 3431 1280 3496; x_wconf 77' lang='grc' dir='ltr'><strong>(ιο)</strong></span> 
     </span>
     <span class='ocr_line' id='line_1_26' title="bbox 432 3514 831 3580; baseline 0.003 -14"><span class='ocrx_word' id='word_1_154' title='bbox 432 3515 552 3580; x_wconf 77' lang='lat' dir='ltr'>singulari</span> <span class='ocrx_word' id='word_1_155' title='bbox 571 3515 601 3566; x_wconf 76' lang='lat'><em>0</em></span> <span class='ocrx_word' id='word_1_156' title='bbox 632 3515 784 3580; x_wconf 75' lang='lat' dir='ltr'>(arllulglea</span> <span class='ocrx_word' id='word_1_157' title='bbox 799 3514 831 3567; x_wconf 74' lang='lat' dir='ltr'>G</span> 
     </span>
    </p>
   </div>
   <div class='ocr_carea' id='block_1_5' title="bbox 0 0 1417 4680">
    <p class='ocr_par' dir='ltr' id='par_1_6' title="bbox 0 0 1417 4680">
     <span class='ocr_line' id='line_1_27' title="bbox 0 0 1417 4680; baseline 0 0"><span class='ocrx_word' id='word_1_158' title='bbox 0 0 1417 4680; x_wconf 95' lang='lat' dir='ltr'> </span> 
     </span>
    </p>
   </div>
  </div>
 </body>
</html>
