2820 4680
700 562 754 642 178

301 752 353 810 tur
378 737 446 808 hoc
472 737 593 809 seculo
611 751 770 832 tanquam
790 759 858 807 non
878 749 1028 820 mantum
1060 758 1150 831 prae-

301 850 378 924 terit
404 849 493 923 enim
522 851 628 947 figura
654 848 770 922 mundi
797 848 905 932 huius,
932 849 1013 921 volo
1034 866 1147 922 autem

302 990 364 1040 nos
389 964 463 1038 sine
489 963 719 1039 sollicitudine
741 988 829 1038 esse.
852 962 918 1036 llis
937 963 1035 1059 igitur
1052 988 1151 1038 sanc·

300 1080 436 1155 tissimis
462 1080 598 1154 monitis
615 1080 906 1177 obtemperemus,
925 1080 1149 1153 consolamini

273 1195 445 1276 §invicem
472 1196 505 1268 in
531 1194 643 1269 verbis
668 1194 739 1268 istis
766 1219 879 1291 neque
909 1194 1044 1268 caduca
1061 1220 1151 1268 mor-

298 1310 412 1385 talium
443 1311 650 1408 corpuscula
684 1312 869 1406 lugeamus,
904 1309 1054 1384 scientes
1089 1336 1151 1384 nos

299 1426 393 1500 brevi
405 1425 481 1500 illos
490 1450 568 1499 esse
581 1425 722 1514 visuros,
737 1423 926 1499 dummodo
941 1425 1021 1498 boni
1036 1425 1148 1501 simus.

300 1540 444 1616 Redibit
475 1540 587 1614 taliter
613 1540 656 1615 ad
684 1558 730 1630 te,
757 1539 836 1613 mihi
863 1539 982 1628 crede,
1010 1540 1065 1614 illa
1095 1559 1151 1616 tua

299 1681 409 1731 rerum
441 1656 649 1731 moderatrix
680 1655 857 1754 sapientia,
888 1658 1009 1744 honor,
1040 1658 1149 1754 quies,

256 1807 286 1842 ιο
297 1774 370 1847 laus
399 1772 563 1862 confluet,
593 1790 629 1846 et
659 1788 725 1845 tam
756 1773 873 1868 amplo
902 1788 1007 1869 atque
1028 1788 1151 1846 ornato

298 1887 524 1961 conscientiae
537 1888 741 1984 spectaculo
759 1902 795 1959 et
811 1885 967 1959 virtutum
987 1886 1150 1984 praesidio

299 2001 445 2076 munitus
472 2001 568 2076 nullis
585 2000 792 2076 succumbes
809 2000 1068 2090 calamitatibus,
1086 2002 1148 2076 sed

298 2115 462 2213 patientia
478 2115 570 2191 duce
582 2115 751 2215 gaudebis
768 2134 802 2189 te
821 2116 853 2187 in
873 2115 953 2190 illud
972 2134 1147 2191 certamen

298 2230 534 2319 descendisse,
561 2231 657 2329 quod
684 2231 744 2304 tibi
771 2256 934 2305 summam
962 2230 1096 2306 laudem
1114 2250 1150 2307 et

257 2378 281 2423 ις
297 2345 438 2444 gloriam
463 2347 618 2443 praebeat
634 2347 887 2445 sempiternam,
906 2348 1066 2444 quoniam
1086 2348 1150 2420 vir-

298 2477 351 2534 tus
373 2460 566 2534 infirmitate
584 2462 766 2560 perficitur.
789 2461 991 2536 Laudabunt
1008 2481 1042 2535 te
1060 2487 1150 2560 prae-

298 2592 425 2666 sentes,
448 2578 699 2650 venerabuntur
729 2577 857 2674 posteri
876 2596 912 2651 et
929 2578 1029 2651 vitam
1047 2597 1149 2652 aeter-

300 2715 375 2765 nam
420 2692 485 2766 tuis
526 2691 711 2781 laboribus,
757 2692 821 2766 luis
864 2693 984 2790 vigiliis
1017 2711 1147 2791 partam

297 2807 533 2905 consequeris.
560 2808 657 2881 Vale.
689 2809 840 2881 Veronae
857 2810 897 2880 V.
918 2808 995 2883 ldus
1013 2809 1148 2884 Sextilis

255 2933 405 3018 201461.

344 3147 395 3213 (ιι)
412 3149 472 3199 nulli
489 3149 520 3201 C
554 3148 604 3213 (ιφ)
615 3149 725 3200 Sextillis
742 3148 772 3200 C
830 3220 833 3225 Ι
