2820 4680
563 580 617 642 Ι97

156 735 366 833 turpissimus
383 759 525 832 serpens
535 736 720 809 mulierem.
742 736 893 834 Longius
904 735 1007 811 etiam

157 849 398 947 perseveravit,
416 850 497 946 quia
516 849 607 946 prius
624 850 747 947 coepit,
766 868 802 924 et
819 868 915 925 tanto
931 875 1008 949 gra·

156 967 250 1040 viora
274 983 352 1040 sunt
376 965 504 1040 delicta
534 966 696 1063 Gregorii
714 965 860 1041 decreto
877 984 1008 1064 quanto

156 1081 281 1156 diutius
306 1081 478 1155 infelicem
501 1081 646 1155 animam
674 1098 793 1155 tenent
822 1082 1004 1179 alligatam.

157 1199 209 1287 Et,
220 1215 257 1271 ut
273 1197 411 1272 tandem
430 1221 508 1270 mea
524 1195 752 1270 concludatur
768 1198 892 1287 oratio,
902 1221 1007 1273 causa
1040 1217 1049 1268 t

155 1331 191 1387 et
215 1315 410 1409 exemplum
434 1312 569 1409 peccati
596 1311 668 1400 luit,
694 1328 730 1385 et
756 1312 1005 1411 inexemplum

155 1429 378 1502 vehementer
402 1427 595 1525 Gregorius
620 1429 756 1524 culpam
775 1427 948 1517 extendit;
970 1445 1007 1502 et

155 1567 293 1618 causam
320 1542 546 1640 ignorantium
575 1542 780 1631 ludaeorum,
799 1542 880 1639 quia
898 1543 1006 1640 prima

155 1658 227 1748 luit,
247 1659 353 1757 magis
370 1658 542 1732 damnavit
555 1658 794 1756 Christus‚qui
807 1682 922 1732 errare
936 1682 1006 1732 ιιοιι

156 1792 302 1871 poterat,
333 1798 435 1870 quam
465 1773 669 1847 sententiam
702 1773 801 1846 Pilati
828 1772 1005 1863 doctioris,
1022 1790 1053 1828 ¹⁰

155 1914 233 1964 cum
261 1890 363 1963 dixit:
391 1888 507 1962 Maias
527 1897 699 1986 peccatam
724 1887 845 1961 habeat
871 1889 929 1987 qai
955 1913 1007 1962 me

154 2004 211 2078 libi
242 2004 438 2078 tradiderunt
461 2006 524 2079 dic.
557 2003 625 2076 Cui
651 2004 832 2078 sententiae
866 2004 1007 2101 acquie-

155 2120 322 2195 scendum
356 2143 478 2194 omnes
511 2118 570 2216 qui
605 2118 791 2192 Christiani
818 2118 1006 2217 nuncupari

99 2224 100 2228 ¹
154 2238 296 2310 voluere
321 2251 535 2333 putaverunt,
562 2252 596 2308 tu
614 2258 698 2307 vero
716 2235 1006 2310 christianissima

156 2350 262 2448 ipsam
289 2351 476 2426 rationibus
503 2350 760 2448 comprobabis.
789 2352 874 2425 Vale
900 2366 936 2424 et
961 2375 1005 2425 ne
1022 2365 1048 2417 ¹5

155 2467 274 2541 timeas
300 2484 336 2540 et
361 2466 451 2541 aude
481 2468 596 2555 multa,
614 2466 696 2563 quia
713 2465 856 2563 plurima
873 2465 1005 2563 optime

154 2581 301 2656 didicisti
320 2599 356 2655 et
374 2581 573 2656 doctissime
590 2581 721 2654 scribis.

203 2700 300 2771 isola.
319 2700 555 2772 Decreveram
571 2720 626 2770 me
640 2713 755 2770 tecum
772 2696 917 2793 amplius
935 2720 1004 2770 non

201 2878 234 2940 (ι)
244 2879 314 2942 cepit
324 2878 378 2928 CV.
405 2879 562 2942 (4laligatam
577 2880 603 2927 V.
637 2878 881 2941 (slconcluditurl‘.
916 2877 1005 2940 (olpe-

154 2961 202 3009 cati
225 2962 251 3008 V.
285 2960 319 3022 (7)
338 2960 399 3010 lade
422 2975 437 3009 a
459 2973 524 3010 voce
547 2959 642 3024 colpam
659 2973 742 3021 usque
758 2958 791 3007 ad
802 2957 876 3022 fidam
891 2957 1004 3023 plocium

145 3040 351 3104 jactantiose&
367 3044 405 3103 ιο)
415 3041 512 3091 codicis
529 3039 738 3103 laurentinam.)
755 3040 915 3089 donationem
928 3040 1005 3089 halie-

154 3135 209 3170 mus
228 3122 356 3171 beneflcio
381 3123 480 3171 Nicolai
505 3122 607 3169 Anziani
633 3121 799 3169 Bibliotheca·
827 3120 1004 3168 laurentiano

153 3202 269 3264 preteeti
286 3203 454 3252 illustrissimi.
489 3203 521 3261 (9.
539 3202 576 3264 ιο)
593 3202 637 3263 qui
655 3215 706 3250 err.
725 3214 775 3249 non
792 3207 894 3262 poterat
909 3213 956 3251 om.
975 3202 1002 3249 l..

153 3284 203 3345 (ιο)
220 3282 336 3331 doctoris
357 3284 383 3340 V,
401 3295 448 3330 om.
467 3283 494 3330 l..
529 3280 579 3344 (ιι)
596 3282 657 3341 eto}
675 3290 700 3329 et
718 3282 745 3338 L,
763 3293 810 3328 om.
833 3281 859 3328 V.
892 3293 953 3343 aqu.
976 3281 1003 3329 V.

153 3362 202 3424 (υ)
219 3362 288 3410 crist.
303 3363 329 3410 V.
359 3374 506 3423 nuncupare
528 3362 555 3419 V,
572 3374 618 3409 om.
637 3361 664 3408 l..
698 3359 748 3423 (¹⁴)
766 3360 835 3410 crist.
853 3360 884 3407 V.
918 3359 1005 3422 (ις)οι

152 3454 193 3491 me
216 3442 241 3489 v.
276 3441 326 3504 (ιθ)
351 3442 428 3490 isotta
450 3442 477 3498 L,
503 3440 602 3489 ism
624 3441 649 3498 V,
678 3438 799 3489 Eiusdem
815 3438 866 3488 dne
884 3438 954 3488 litote
971 3438 1003 3488 ad

153 3519 264 3569 eunden
280 3519 410 3569 dominum
426 3520 549 3569 Aloisium
567 3517 596 3568 t:
