2820 4680
590 629 640 690 ¹31

187 779 285 854 seras.
306 783 419 856 Tuum
436 807 505 880 ego
524 783 706 882 ingenium,
725 801 815 857 tuam
833 783 1037 876 doctrinam,

186 895 294 971 decus
319 897 612 996 splendoremque
642 898 758 973 intacti
789 900 948 997 corporis
977 900 1036 990 tui,

185 1012 434 1104 abstinentiam,
462 1013 699 1113 frugalitatem,
721 1014 906 1101 orationes,
929 1032 1037 1091 ctete·

185 1152 310 1226 rasque
325 1128 466 1203 virtutes
482 1154 620 1228 semper
636 1132 828 1205 venerabor
842 1148 915 1204 tuas
933 1146 969 1205 et
986 1130 1036 1204 in·

184 1247 335 1344 sculptas
353 1262 468 1320 mente
485 1248 641 1343 gestabo.
675 1249 729 1321 Te
748 1246 780 1319 in
800 1246 851 1321 his
868 1263 905 1320 et
922 1248 983 1320 has
1001 1246 1034 1320 in
1068 1280 1077 1329 r

185 1378 221 1436 te
236 1361 281 1435 ad
308 1386 464 1460 magnam
491 1361 547 1436 dei
569 1361 706 1436 laudem
726 1363 864 1461 meique
882 1360 1035 1437 redifica-

185 1476 314 1552 tionem
340 1494 544 1576 perpetuum
570 1477 778 1569 admirabor,
807 1478 839 1552 in
862 1501 931 1576 qua
948 1477 1035 1552 revi-

184 1592 275 1668 xisse
296 1594 377 1667 mihi
396 1596 497 1692 plane
514 1593 648 1668 videtur
666 1594 779 1692 prisca
797 1594 852 1668 illa
868 1593 1035 1692 virginum

185 1708 341 1809 dignitas,
360 1734 446 1809 quas
464 1710 608 1784 illustres
624 1710 837 1808 sempiterno
855 1709 1036 1808 praeconio

185 1827 363 1902 decoravit
388 1826 580 1924 antiquitas
609 1826 667 1900 Sic
692 1850 834 1922 quoque
863 1825 1035 1900 editiones
1051 1856 1081 1893 ιο

185 1958 221 2017 et
245 1942 409 2040 epistolas
434 1944 514 2040 lego
532 1959 617 2031 tuas,
637 1959 672 2015 ut
690 1941 770 2015 nihil
790 1941 950 2038 prolecto
964 1958 1034 2014 tum

185 2058 295 2134 minus
303 2084 406 2157 quam
416 2057 461 2132 de
472 2058 615 2132 loemina
624 2058 794 2156 cogitem;
811 2057 857 2131 ita
871 2082 925 2131 me
940 2072 1036 2131 tenet

185 2199 301 2249 earum
327 2173 473 2273 dignitas
495 2189 626 2248 etcum
645 2176 766 2272 lepore
783 2190 819 2247 et
836 2173 1036 2271 eloquentia

185 2289 331 2389 pondus.
367 2293 482 2387 Atque
508 2314 617 2387 nuper
650 2288 910 2363 altercationem
946 2288 1034 2362 illam

185 2421 277 2480 tuam
287 2430 365 2479 curn
375 2405 737 2479 AluisioFoschareno
747 2404 1035 2503 patricioVeneto
1051 2435 1077 2486 ις

185 2537 221 2596 et
255 2522 346 2596 urbis
384 2538 511 2596 nostrae
551 2522 718 2611 Praetore,
755 2520 829 2595 viro
868 2537 1037 2619 praeterea

185 2638 320 2737 optimo
345 2655 449 2736 atque
474 2637 674 2736 gravissimo
703 2654 740 2711 et
757 2637 897 2736 egregie
916 2635 1035 2710 litteris

186 2757 292 2845 culto,
309 2779 379 2853 qua
395 2753 615 2829 contenditur
637 2754 740 2828 utrius
758 2769 941 2852 peccatum
958 2776 1035 2851 gra·

186 2870 259 2945 vius
283 2870 444 2962 extiterit,
458 2870 563 2969 patris
580 2869 668 2945 ndae
689 2894 731 2944 an
751 2872 843 2958 Evae,
861 2885 898 2942 et
915 2868 948 2942 in
966 2892 1036 2967 qua
1105 2957 1110 2967 ὑ

187 3003 222 3061 tu
250 2989 364 3077 Evam,
392 2986 448 3060 ille
473 2985 582 3060 Adam
609 3002 732 3076 tuetur,
758 3009 836 3059 cum
859 2986 1037 3082 voluptate
1051 3020 1081 3056 ιο

185 3120 306 3180 sancta
330 3102 460 3201 perlegi
491 3102 643 3199 mihique
661 3100 742 3175 illud
759 3099 945 3175 admodum
964 3101 1036 3197 pla·

187 3219 268 3310 cuit,
297 3218 393 3318 quod
420 3218 551 3293 recenti
577 3241 656 3293 curn
675 3217 864 3316 theologia,
881 3242 962 3315 quta
979 3242 1036 3292 or·

188 3351 267 3411 natu
289 3359 381 3410 nunc
403 3351 510 3426 caret,
534 3352 568 3408 tu
587 3335 716 3408 cultum
729 3333 1036 3432 eloquentiamque

235 3602 284 3667 (ιο)
300 3603 448 3655 nationes?
479 3602 530 3668 (16)
546 3611 669 3671 preterea
682 3602 712 3662 Q
