2814 5116
653 985 706 1047 ¹³7

252 1140 357 1237 magis
382 1164 425 1214 ac
450 1139 556 1236 magis
582 1138 799 1234 intelligeres,
826 1136 966 1235 quando
985 1137 1101 1213 lacere

253 1282 319 1330 non
355 1281 505 1353 possum,
537 1256 623 1352 ‘quin
658 1271 693 1327 te
722 1254 849 1328 eximio
879 1271 914 1328 et
943 1254 1100 1352 singulari

251 1397 368 1447 amore
382 1397 424 1445 ac
442 1371 608 1445 charitate
619 1370 765 1444 maxima
774 1395 972 1468 prosequar,
983 1371 1101 1467 quanti

252 1504 286 1562 te
313 1488 473 1572 lacerem,
502 1487 559 1583 qui
586 1510 682 1559 meus
699 1510 782 1582 erga
798 1503 833 1559 te
850 1503 943 1560 esset
960 1487 1101 1577 animus,

253 1621 433 1701 postquam
465 1628 502 1676 re
533 1603 606 1700 ipsa
636 1601 740 1675 didici
771 1619 807 1674 et
832 1602 981 1698 cognovi
999 1627 1101 1701 paene
1134 1632 1143 1682 ς

251 1719 353 1793 divini
380 1718 644 1815 magnitudinem
673 1717 796 1813 ingenii
816 1718 872 1791 tui.
908 1720 1048 1817 Nempe
1067 1736 1102 1791 ut

253 1835 371 1933 paucis
398 1834 562 1931 intelligas
588 1833 671 1930 quid
690 1832 735 1906 de
754 1850 789 1905 te
807 1834 930 1919 sentio,
949 1835 1102 1930 quoties·

252 1973 390 2046 cunque
416 1965 474 2022 tua
500 1951 601 2046 plena
626 1948 809 2036 hilaritatis,
834 1949 1049 2022 humanitatis
1066 1966 1102 2022 et

252 2065 379 2138 laetitiae
404 2065 532 2162 scripta
557 2066 648 2161 lego,
676 2064 853 2161 plurimum
876 2064 985 2136 vereri
1003 2066 1102 2138 soleo

253 2206 316 2279 pro
326 2181 471 2255 maxima
483 2181 664 2277 elegantia,
678 2181 774 2253 cuius
789 2206 869 2254 meo
883 2180 1010 2254 iudicio
1023 2206 1102 2278 pro·
1120 2213 1149 2248 ιο

253 2297 325 2394 prie
335 2321 373 2368 es
386 2295 549 2384 studiosa,
563 2295 739 2384 suavitate,
756 2295 879 2391 ingenii
894 2297 1101 2393 praestantia,

252 2412 404 2485 claritate
444 2436 485 2484 ac
512 2411 621 2485 nitore
647 2411 824 2497 sermonis,
856 2437 965 2484 rerum
997 2429 1101 2508 atque

253 2529 432 2601 verborum
447 2527 562 2624 copia,
577 2526 749 2615 facilitate,
765 2527 933 2615 acumine,
944 2552 985 2600 an
997 2528 1102 2624 magis

252 2643 431 2716 sententiae
457 2642 675 2716 ornatissimis
702 2642 813 2715 verbis
839 2667 880 2716 an
908 2645 1012 2717 verba
1030 2643 1103 2741 ipsa

253 2758 427 2832 sententiis
454 2758 666 2831 illustrentur.
696 2761 818 2831 Taceo
844 2757 889 2831 de
908 2758 1102 2833 inventione
1119 2790 1143 2840 ις

253 2873 336 2971 ipsa,
371 2898 441 2970 qua
474 2873 553 2945 nihil
584 2873 745 2970 pulcrius
777 2873 856 2945 nihil
887 2873 1101 2961 luculentius,

254 2989 331 3061 nihil
374 2989 652 3076 accomodatius3
692 2988 814 3062 omitto
857 2989 1101 3078 elocutionem,

252 3128 321 3203 qua
343 3105 422 3178 nihil
441 3105 602 3195 ornatius,
623 3105 701 3177 nihil
720 3105 864 3201 dignius
892 3105 970 3177 nihil
998 3130 1102 3178 venu-

252 3219 343 3295 stius.
375 3223 558 3295 Postremo
576 3221 679 3294 totius
696 3220 812 3318 operis
830 3220 1101 3318 dispositionem,

253 3336 477 3435 prudentiam,
504 3337 715 3432 gravitatem,
743 3336 951 3422 memoriam,
983 3335 1103 3431 cogni·
1117 3370 1147 3404 ιο

253 3452 380 3527 tionem
391 3469 495 3549 atque
507 3477 601 3525 usum
617 3477 726 3525 rerum
743 3452 969 3549 plurimarum,
984 3476 1103 3524 exem·

253 3571 386 3667 plorum
429 3569 566 3666 copiam
610 3585 676 3642 tam
718 3571 952 3641 Romanorum
999 3591 1101 3663 quam

251 3701 444 3758 exterarum
457 3683 620 3780 gentium,
635 3682 759 3780 quibus
773 3684 874 3758 rebus
888 3684 935 3769 lit,
946 3699 982 3757 ut
1000 3707 1102 3755 nemo

252 3799 305 3889 sit,
332 3823 421 3897 pace
446 3798 597 3872 omnium
624 3798 779 3887 dixerim,
805 3815 862 3873 aut
888 3801 1003 3887 lsotta,
1018 3822 1102 3894 quae

252 3914 513 4012 quodammodo
539 3914 674 3988 humani
702 3914 825 4012 ingenii
853 3913 1002 3987 excessit
1028 3938 1143 3997 mo-25
