2814 5116
660 993 715 1053 ¹09

256 1143 429 1218 mensibus
456 1143 602 1233 accessi,
629 1143 710 1216 licet
735 1143 987 1218 amoenissimus
1011 1145 1054 1219 sit
1071 1162 1108 1219 et

254 1257 446 1356 hospitibus
462 1276 587 1356 gratus.
609 1260 715 1332 Forte
728 1257 838 1357 pridie
847 1283 948 1356 quam
959 1260 1106 1335 somnia·

255 1399 310 1447 res
328 1372 527 1471 litigantium
547 1375 699 1448 clamore
717 1375 859 1448 obrutus
877 1377 969 1449 solus
987 1375 1018 1447 in
1038 1401 1106 1450 non

254 1507 457 1563 consuetum
484 1507 728 1587 secretumque
755 1492 868 1564 locum
897 1515 952 1563 me
975 1491 1106 1589 recipio

253 1605 411 1694 comites,
442 1604 597 1694 arbitros,
628 1606 743 1694 verba,
775 1605 934 1679 familiam
967 1609 1104 1680 omnem
1139 1639 1149 1689 ς

253 1720 440 1818 aufugiens.
467 1721 641 1794 Porticum
661 1720 806 1794 frondea
823 1721 891 1793 vite
910 1737 1038 1794 tectum
1058 1721 1107 1793 in-

252 1835 403 1933 gredior,
422 1837 582 1910 oblector
599 1837 708 1910 latiori
727 1853 915 1935 prospectu
929 1853 966 1910 et
985 1837 1106 1910 herba·

252 1977 325 2025 rum
336 1951 514 2042 viriditate,
526 1954 648 2026 caelum
663 1951 826 2050 suspicio,
838 1952 958 2025 relicta
967 1951 1105 2026 dicendi

253 2084 289 2141 et
319 2092 428 2140 rerum
454 2066 681 2165 gerendarum
709 2092 791 2141 cura
829 2084 945 2140 mente
971 2084 1105 2165 repeto,

253 2182 378 2280 quibus
404 2183 555 2256 tenebris
577 2184 759 2272 ambulem,
779 2183 903 2280 quibus
921 2200 1152 2280 tempesta-10

252 2298 342 2372 tibus
359 2299 533 2387 fluctuem,
549 2298 672 2396 quibus
685 2299 856 2372 erroribus
869 2322 992 2372 verser.
1013 2299 1106 2372 Tan·

252 2413 331 2487 dem
358 2414 408 2488 sic
426 2414 562 2512 inquio:
584 2415 739 2487 Domine
765 2413 965 2511 redemptor
991 2432 1111 2488 noster

252 2530 483 2627 omnipotens,
502 2529 642 2628 quando
669 2555 723 2604 me
750 2530 832 2604 cibo
850 2529 1028 2619 fraudab0,
1047 2531 1106 2628 qui

254 2645 410 2720 familiam
462 2671 600 2720 omnem
653 2644 922 2743 locupletissime
965 2645 1106 2718 nutrio?

211 2793 219 2803 ’
254 2761 409 2863 Quando
435 2761 570 2860 hispida
596 2780 691 2861 veste
718 2779 824 2858 tegar,
852 2762 907 2835 cui
936 2761 1045 2835 bissus
1070 2778 1107 2835 et
1122 2797 1147 2847 15

253 2904 401 2976 purpura
420 2878 571 2976 undique
597 2878 797 2977 superfluit?
824 2876 980 2979 Quando
998 2877 1106 2975 ignes,

253 2993 390 3083 serrum,
417 3018 557 3068 crucem
593 3019 658 3091 pro
686 2995 829 3067 Christo
855 2992 974 3090 patiar,
1001 3016 1104 3090 quem

252 3110 353 3184 etiam
381 3135 449 3183 non
475 3127 700 3208 aegrotantem
720 3108 931 3183 medicorum
950 3108 1106 3206 legiones

251 3225 497 3300 circumstant?
524 3224 680 3326 Quando
706 3225 819 3299 lasces
846 3224 1027 3322 negligam,
1046 3224 1104 3322 qui

252 3342 306 3415 vix
333 3341 447 3418 audeo
473 3342 546 3416 sine
572 3342 725 3415 exercitu
753 3340 872 3414 exire?
899 3339 1054 3441 Quando
1072 3339 1105 3414 in
1120 3376 1151 3411 ιο

252 3475 421 3557 perpetua
437 3457 713 3558 peregrinatione
731 3457 931 3555 quiescam?
950 3455 1106 3557 Quando

252 3574 340 3648 inter
357 3573 506 3649 veritatis
527 3572 726 3648 evertendae
744 3597 786 3647 ac
804 3572 934 3646 virtutis
951 3596 1105 3647 corrum-

252 3689 379 3789 pendae
404 3689 671 3766 studiosissimos
692 3705 728 3762 et
744 3687 1036 3787 ingeniosissimos
1052 3712 1105 3762 ar·

220 3946 225 3954 .
299 3874 332 3937 (ι.
346 3875 538 3939 ”sominae
555 3873 589 3938 (ς)
598 3874 747 3925 arbitrere
763 3872 932 3938 (blaubspitio
941 3872 971 3922 C.
990 3872 1105 3937 (ulvar-

253 3954 336 4007 strc
367 3953 416 4016 (ιι)
434 3954 595 4016 inquiente
631 3953 813 4018 (isliapidac
847 3951 1102 4017 (rclciroonatante
