2820 4680
710 605 744 649 ΙΟ

297 779 412 836 menta
429 779 502 836 tuas
516 786 658 859 quoque
671 761 834 858 epistolas
848 759 927 833 milri
940 757 1156 835 ostendisset

298 877 362 949 iam
382 877 414 949 in
432 879 592 951 volumen
606 876 764 951 redactas
777 899 908 973 easque
921 873 1157 972 voluptuosis·

297 993 381 1067 sime
396 992 633 1091 perlegissem,
645 1018 712 1066 non
727 992 823 1090 potui
842 1016 910 1064 non
929 989 1076 1065 maxime
1089 991 1157 1066 le-

297 1108 358 1183 tari
385 1108 516 1206 tibique
542 1134 611 1182 non
634 1108 733 1183 unice
759 1106 997 1206 congratulari.
1025 1105 1097 1180 Sed
1113 1122 1162 1183 et

271 1224 499 1302 §leonardus
526 1249 707 1322 germanus
737 1243 824 1315 tuus,
850 1224 992 1322 optimae
1027 1221 1157 1298 indolis

296 1340 502 1415 adolescens
526 1341 690 1439 optimam
712 1366 854 1439 operam
880 1340 1020 1438 optimae
1038 1338 1156 1436 philo·

297 1457 430 1555 sophiae
457 1481 593 1547 navans,
621 1457 686 1534 iam
712 1456 843 1555 pridem
867 1481 922 1530 me
944 1471 1090 1553 rogarat,
1113 1473 1156 1531 ut

298 1573 448 1647 nonnihil
466 1573 510 1647 ad
533 1591 568 1647 te
585 1573 782 1663 scriberem,
803 1597 880 1646 nam
898 1571 1059 1669 quoniam
1078 1572 1153 1647 hoc

298 1706 454 1787 tempore
492 1687 662 1763 dialeticae
697 1687 740 1784 etJ
766 1687 995 1786 philosophiae
1020 1711 1154 1779 acrem,

255 1828 285 1864 10
299 1820 334 1876 ut
344 1804 371 1876 is
380 1804 506 1891 aiebat,
516 1828 658 1902 operam
672 1802 745 1893 das,
755 1803 870 1893 voluit,
886 1820 922 1877 ut
936 1803 1009 1901 ipse
1023 1801 1155 1876 fidelis·

297 1920 382 1993 sime
406 1943 449 1992 ac
474 1918 677 1993 amicissime
704 1936 739 1992 te
764 1943 1033 2008 commonerem,
1060 1941 1156 2016 quos

297 2035 473 2133 praecipue
491 2035 669 2132 magistros
687 2035 719 2107 in
737 2036 788 2109 his
805 2035 980 2109 altioribus
997 2032 1153 2132 discipli·

298 2152 348 2224 nis
365 2152 462 2249 sequi
481 2150 639 2224 deberes.
663 2151 710 2223 lli
727 2176 812 2249 ergo
830 2168 866 2225 et
887 2151 1043 2249 plerique
1064 2147 1153 2223 ami·

297 2291 415 2340 corum
448 2283 483 2340 ut
508 2265 552 2340 ad
578 2282 613 2339 te
638 2266 823 2340 scriberem
861 2264 1033 2339 adhortati
1059 2288 1118 2338 sur

256 2405 281 2458 tt
298 2382 404 2455 Clara
420 2398 533 2455 autem
550 2398 655 2480 atque
676 2381 904 2456 laudatissima
926 2381 1026 2469 sama,
1044 2405 1090 2477 qv

300 2496 364 2572 iam
382 2496 515 2595 pridem
530 2499 624 2571 bono
637 2497 708 2571 iure
721 2496 849 2595 adepta
861 2521 911 2586 es,
921 2494 1075 2594 propelli

299 2614 353 2686 vel
371 2612 519 2703 invitum,
538 2613 584 2687 uti
602 2630 637 2687 te
653 2615 806 2687 colerem
829 2613 945 2711 utique
972 2613 1032 2685 bas
1049 2634 1076 2684 at

299 2728 426 2803 litteras
443 2753 629 2804 exararem.
662 2731 762 2830 Quas
788 2728 834 2802 ita
858 2728 957 2802 velim
983 2727 1059 2802 acci

300 2861 335 2918 ut
351 2869 372 2917 a
390 2844 701 2919 benivolentissimo
718 2845 833 2919 animo
858 2843 1033 2941 prolectas

256 2960 404 3034 20treris.
426 2960 519 3034 Nihil
539 2960 629 3034 enim
655 2959 745 3035 aliud
772 2962 849 3034 baec
875 2978 1000 3034 nostrae

347 3249 381 3312 (ι)
408 3264 459 3299 non
484 3265 509 3313 p.
538 3266 588 3301 non
623 3267 655 3301 m.
689 3268 739 3303 non
772 3257 787 3302 l.
814 3254 868 3303 CV.
916 3254 951 3317 (ς)
982 3268 998 3316 ς

301 3332 368 3379 leon.
390 3331 416 3378 V.
466 3331 500 3394 (ll)
517 3345 573 3379 nam
597 3334 656 3394 quia
683 3335 710 3382 V.
744 3338 793 3399 (ιο,
815 3336 852 3395 ιι)
870 3334 932 3383 dare
980 3350 983 3361 ·

299 3423 347 3458 sm.
365 3423 456 3458 comm.
478 3411 505 3459 V.
548 3411 598 3474 (ιι)
614 3425 778 3462 comonerem
796 3414 825 3463 C.
860 3414 910 3477 (ιι)
927 3415 969 3462 bil,¹

300 3489 350 3552 (ιι)
368 3490 401 3538 hii
418 3490 471 3539 CV.
506 3492 555 3553 (ιὸ)
571 3493 682 3554 propellt
695 3492 724 3542 C.
758 3494 808 3555 (17)
823 3496 945 3543 collerem

301 3568 370 3617 lecto
387 3569 440 3618 CV.
