2820 4680
552 571 607 637 435

152 725 312 816 amando,
351 725 569 799 observando
596 725 868 826 admirandoque
886 753 932 800 eo
954 753 1007 801 re-

153 840 255 915 dacta
272 868 357 932 sum,
377 860 412 916 ut
431 844 551 916 lubens
577 843 692 933 vitam,
711 867 791 942 quae
818 841 898 915 mihi
926 867 1006 941 pro-

152 957 248 1031 fecto
265 974 319 1031 est
332 957 526 1047 iniucunda,
536 982 614 1031 cum
626 974 736 1032 morte
746 975 1003 1033 commutarem.

154 1074 244 1146 Nam
262 1073 394 1148 exactis
412 1074 634 1172 temporibus,
653 1073 697 1146 mi
715 1073 865 1164 Andrea,
876 1091 1004 1148 tantum

152 1188 332 1287 capiebam
349 1189 545 1288 voluptarie
565 1205 727 1288 quantum
745 1188 790 1263 ad
804 1205 840 1263 te
852 1205 1007 1264 amanter
1038 1220 1048 1269 ς

152 1303 428 1403 familiariterque
439 1305 655 1404 perscribere
676 1305 830 1378 solebam
850 1303 1006 1402 ingentes

150 1437 255 1493 aestus
271 1437 377 1518 atque
394 1422 531 1496 labores
548 1445 656 1510 meos,
675 1445 765 1519 quos
790 1422 889 1495 soleo
914 1445 1005 1494 sem·

152 1560 214 1632 per
231 1559 294 1633 pro
313 1552 348 1609 te
366 1536 506 1610 sufferre
524 1552 560 1610 et
577 1535 722 1635 perpeti.
744 1537 849 1609 Nunc
874 1535 1003 1609 verosi

151 1649 235 1749 quid
251 1649 296 1725 ad
314 1668 349 1725 te
366 1651 494 1741 scribo,
514 1678 582 1725 non
610 1650 671 1724 nisi
698 1676 776 1724 cum
800 1650 949 1724 maximo
968 1649 1003 1724 id

149 1765 252 1839 animi
269 1791 399 1864 angore
413 1766 515 1857 facio,
530 1790 647 1864 eoque
661 1765 778 1864 magis,
793 1764 888 1864 quod
903 1765 1003 1865 liqui·
1019 1800 1049 1836 ιο

149 1881 226 1957 dius
242 1881 363 1956 videor
379 1881 497 1957 videre
515 1898 550 1955 te
567 1906 611 1956 ex
630 1881 714 1955 meis
740 1881 859 1955 litteris
885 1906 1001 1980 parum

149 1998 266 2072 laetari.
302 2000 410 2073 lmmo
435 2014 565 2096 quanto
591 1996 786 2095 diligentius
812 1996 1003 2095 meliusque

149 2113 252 2203 facio,
271 2131 366 2188 tanto
381 2113 490 2188 minus
503 2112 563 2187 tibi
576 2130 708 2211 gratum
722 2138 801 2187 esse
815 2112 1000 2212 perspicio.

150 2231 279 2327 Neque
297 2228 377 2301 mihi
396 2230 463 2302 ulla
477 2229 508 2301 in
523 2253 560 2301 re
575 2227 677 2302 fidem
697 2228 822 2316 habes3
843 2226 923 2301 hinc
936 2244 1000 2317 est,

148 2342 243 2440 quod
266 2343 414 2417 maximo
436 2359 650 2442 contemptu,
666 2367 755 2417 meae
776 2343 900 2417 litterae
920 2367 1043 2429 cum15

149 2459 291 2556 primum
310 2459 369 2533 tibi
389 2458 586 2548 redduntur,
613 2458 668 2531 vix
686 2458 787 2532 lectis
804 2483 864 2533 eas
882 2459 914 2531 in
933 2475 1001 2532 ter·

148 2600 216 2648 ram
235 2574 366 2650 deiicis.
394 2578 637 2649 Verumtamen
656 2600 725 2673 ego
743 2598 840 2649 more
852 2598 1001 2672 genero-

147 2714 196 2763 sae
213 2689 307 2780 serae,
327 2715 407 2789 quae
424 2690 564 2789 quidem
582 2689 626 2764 ad
645 2692 783 2764 latratus
808 2692 998 2764 catulorum

147 2830 215 2878 non
232 2807 322 2879 solet
339 2807 384 2879 ab
398 2806 551 2880 instituto
564 2806 685 2880 itinere
698 2805 899 2895 deflectere,
914 2830 1000 2880 con-

146 2921 351 2995 stantissime
368 2922 534 3020 regieque
560 2946 643 3018 erga
669 2939 703 2995 te
729 2946 774 2995 eo
804 2920 930 3011 animo,
956 2945 1045 2994 earo

147 3053 261 3110 mente
275 3063 337 3111 ero
353 3053 459 3136 atque
472 3037 552 3127 fide,
571 3063 639 3135 qua
651 3036 818 3136 superiori
840 3054 999 3135 tempore

146 3151 202 3224 sui.
222 3155 341 3250 Angor
364 3152 479 3226 animo
506 3155 719 3252 ultraquam
746 3151 842 3225 credi
870 3168 997 3250 potest,

146 3268 241 3367 quod
268 3267 349 3341 nihil
376 3267 456 3341 mihi
484 3293 598 3367 neque
627 3268 747 3342 litteris
772 3292 888 3366 neque
914 3294 997 3342 nun-

191 3531 226 3597 (6)
243 3545 341 3596 prescr.
358 3532 384 3582 ε
418 3531 469 3597 (ις)
485 3539 661 3596 comptemptu
679 3533 705 3582 S.

844 3638 889 3688 ιθ·
