2820 4680
543 598 596 664 245

146 756 298 828 naturale
322 778 515 851 omnesque
541 753 698 827 homines
727 769 827 827 natos
843 752 999 829 scientiae

146 869 259 944 studio
290 887 409 943 natura
434 868 596 942 incendit.
632 871 808 942 Praeterea
834 869 1000 967 quaelibet

147 1011 200 1059 res
225 985 271 1058 ad
292 984 465 1082 propriam
484 984 722 1082 operationem
741 985 921 1058 maximam
940 986 999 1058 ha·

147 1104 206 1174 bet
231 1099 511 1198 propensionem,
540 1099 686 1173 hominis
708 1117 821 1173 autem
840 1100 999 1196 operatio

146 1217 285 1314 propria
314 1216 402 1289 scire
432 1232 469 1288 et
499 1215 687 1313 intelligere
713 1233 884 1305 censetur,
911 1240 999 1313 quo
1032 1247 1041 1296 s

147 1333 241 1406 circa
267 1331 356 1406 haud
384 1331 514 1421 mirum,
533 1331 621 1404 scire
639 1331 666 1403 si
685 1331 810 1428 cupiat.
845 1334 998 1405 Demum

148 1448 332 1544 unicuique
359 1447 405 1520 rei
425 1449 577 1519 naturale
596 1444 772 1542 quoddam
791 1446 998 1522 desiderium

148 1565 244 1651 inest,
268 1580 303 1635 ut
332 1587 396 1635 suo
426 1561 654 1659 coniungatur
680 1561 870 1659 principio;
912 1561 999 1637 deus

147 1695 260 1751 autent
279 1679 331 1751 vel
349 1676 536 1752 substantia
554 1676 662 1774 prima
683 1677 839 1768 hominis,
856 1695 891 1751 ut
907 1679 1000 1776 viget

148 1793 333 1880 intellectu,
361 1792 564 1889 principium
591 1792 715 1883 existit,
742 1793 786 1867 ad
812 1818 914 1889 quam
937 1793 999 1866 nisi
1017 1820 1045 1856 ιο

148 1934 210 2006 per
240 1907 474 2006 cognitionem
505 1908 769 1983 intellectualem
801 1934 870 1982 non
900 1909 1000 1982 datur

147 2023 316 2110 accessio,
335 2047 413 2096 cum
440 2023 534 2095 omni
560 2040 677 2097 careat
704 2023 863 2108 materia;
892 2047 999 2120 quare

148 2138 250 2211 deum
270 2162 371 2212 nosse
389 2154 425 2210 et
442 2137 632 2235 intelligere
649 2137 833 2224 desiderat,
849 2138 881 2210 in
903 2138 1000 2213 cuius

149 2253 442 2350 contemplatione
464 2278 485 2327 a
501 2254 710 2351 sapientibus
728 2256 874 2327 humana
892 2254 1000 2328 selici-

149 2390 200 2444 tas
226 2370 411 2467 reponitur.
443 2372 484 2443 Et
509 2370 592 2444 licet
618 2370 744 2467 primus
770 2389 882 2445 motus
900 2371 1001 2445 suerit
1016 2399 1042 2451 ις

149 2487 321 2584 appetitus
348 2486 569 2574 inordinatus,
588 2487 645 2582 qui
664 2486 737 2560 sine
755 2502 905 2583 peccato
923 2512 1000 2561 esse

150 2627 218 2674 non
254 2619 379 2698 potest,
415 2619 527 2676 tamen
564 2601 772 2676 tolerabilius
806 2618 859 2676 est
898 2625 1000 2698 quam

150 2716 424 2815 transgressionis
443 2733 645 2814 peccatum;
666 2740 742 2790 nam
765 2716 1000 2790 mandatorum

150 2831 367 2904 observantia
376 2849 428 2904 est
438 2831 501 2916 via,
511 2830 706 2927 quaiturad
716 2824 832 2904 salutis
842 2831 999 2927 patriam:

149 2946 186 3019 Si
208 2945 255 3018 vit
275 2946 322 3019 nd
343 2946 437 3019 uitam
455 2946 586 3043 ingredi,
606 2972 698 3019 serua
715 2945 887 3033 mandata·
904 2963 940 3020 et
957 2971 1002 3020 ex
1016 2977 1047 3012 ιο

149 3062 311 3158 superbia
340 3062 479 3161 propria
508 3062 614 3136 oritur
640 3061 872 3159 transgressio.
906 3064 1001 3161 Quae

150 3194 263 3250 autem
291 3178 397 3252 maior
419 3178 580 3275 superbia
605 3202 707 3275 quam
730 3174 854 3251 divinae
873 3179 1001 3275 regulae

151 3293 271 3367 subiici
298 3296 414 3367 nolle?
441 3318 543 3390 quam
570 3295 737 3368 extollere
766 3318 804 3367 se
834 3318 936 3391 supra
966 3293 1001 3366 id

197 3479 247 3543 (¹7)
271 3479 466 3542 transgresionis
491 3479 519 3526 Ε.
554 3479 601 3541 (18.
624 3478 661 3542 19)
679 3479 784 3541 putrium
807 3480 907 3543 (Matth.
926 3479 999 3528 xlx.

153 3560 208 3621 17)·.
223 3559 248 3607 st
264 3571 285 3609 e.
