2820 4680
427 717 627 814 appellaret.
639 714 744 790 Unde
758 713 859 788 dixit:
880 713 1053 788 Faciamus
1065 714 1223 788 hominem
1234 715 1284 790 od

429 830 597 930 imaginem
626 840 658 905 et
684 829 918 904 similitudinem
943 839 1095 921 nostruin,
1117 840 1148 904 et
1167 833 1284 930 proesit

426 945 571 1045 plicibus
587 945 685 1021 mon‘s
701 955 734 1020 et
748 944 930 1020 volutilibus
942 945 1018 1020 caeli
1027 955 1060 1019 et
1070 945 1178 1019 bestiis
1189 955 1282 1020 lerroe

429 1060 823 1161 unuenaequecreaturae,
837 1061 1007 1136 denotans
1025 1062 1129 1158 ipsius
1142 1062 1280 1159 perfec-

404 1178 567 1260 itionem.
610 1181 670 1251 De
708 1178 849 1251 muliere
883 1201 967 1251 vero
996 1176 1098 1251 dixit:
1130 1179 1208 1251 Non
1233 1186 1283 1250 est

428 1294 547 1369 hortun
562 1293 721 1367 homnem
739 1318 811 1366 esse
825 1293 940 1383 solum,
954 1291 1125 1393 factumue
1141 1292 1173 1366 ei
1186 1292 1281 1367 odiu·

427 1408 539 1483 tonium
555 1408 657 1482 sunile
673 1408 743 1483 sibi.
777 1411 819 1482 Et
836 1409 916 1506 quia
935 1408 1112 1483 beatitudo
1130 1425 1184 1483 est
1200 1433 1280 1484 cum

428 1524 666 1599 consolatione
692 1541 728 1598 et
751 1523 891 1622 gaudio,
918 1523 1075 1598 solatium
1105 1542 1219 1599 autem
1244 1542 1282 1599 et

427 1638 588 1737 goudium
603 1664 671 1713 non
690 1656 807 1737 potest
823 1640 900 1737 quis
918 1641 1046 1714 habere
1063 1643 1167 1729 solus,
1185 1639 1281 1715 vide

387 1786 417 1825 to
428 1771 483 1829 tur
506 1753 603 1852 quod
628 1754 716 1830 deus
732 1778 809 1829 earn
828 1755 957 1828 creavit
974 1753 1019 1828 ud
1037 1754 1096 1827 viri
1119 1756 1281 1828 consolo-

427 1870 569 1959 tiooem,
587 1871 668 1967 quie
681 1871 808 1944 bonurn
821 1887 876 1944 est
887 1870 938 1943 sui
960 1870 1065 1967 ipsius
1078 1868 1280 1955 dillusivum‚

427 2003 464 2060 et
488 2002 619 2083 quanto
645 1986 751 2060 maius
777 2003 873 2059 tento
898 1985 1005 2082 magis
1033 2009 1072 2058 se
1089 1985 1281 2059 communi-

427 2118 494 2177 cut
531 2102 623 2200 Ergo
657 2102 763 2176 maius
796 2100 930 2175 videtur
963 2118 1146 2198 peccatum
1180 2101 1278 2176 Adae.

427 2215 645 2290 Ambrosius:
679 2216 758 2313 Quo
787 2214 998 2313 indulgentior
1024 2215 1211 2307 liberalitas,
1240 2241 1281 2290 eo

387 2363 413 2415 ις
428 2328 680 2404 inexcusabilior
693 2339 741 2405 est
752 2331 947 2429 peruuaciu.

482 2446 673 2521 rCustodio
701 2463 815 2521 autem
845 2447 933 2522 Adae
950 2447 1133 2522 commisse
1148 2448 1280 2523 socium

429 2585 499 2635 non
516 2562 766 2658 excusatque
782 2562 1039 2660 lures‚quorurn
1057 2587 1165 2661 opera
1182 2579 1281 2661 pater

429 2677 571 2753 lumilius
601 2678 782 2754 conlidens
813 2680 924 2768 utitur,
957 2679 1074 2753 ultimo
1107 2680 1280 2777 supplicio

429 2818 498 2868 non
520 2794 713 2891 puniuntur,
732 2794 835 2868 veluti
853 2795 1006 2868 extranei
1024 2811 1060 2868 et
1078 2795 1122 2868 illi
1141 2794 1186 2869 de
1204 2796 1279 2892 qui·

385 2909 492 2981 20bus
527 2911 617 2983 nullo
648 2927 702 2983 est
740 2909 854 2984 habita
879 2908 1123 2984 confidentia».
1151 2912 1278 2985 Verum

429 3041 482 3097 est
507 3026 627 3098 hocin
646 3025 777 3123 legibus
795 3026 1051 3123 temporalibus,
1078 3025 1140 3100 sed
1159 3051 1226 3100 non
1245 3028 1279 3100 in

476 3278 508 3340 (7.
519 3278 543 3341 Β)
553 3287 593 3329 ent
601 3279 745 3330 consolatio
759 3288 786 3329 et
797 3278 925 3342 goudium,
937 3282 1060 3331 tolocium
1072 3280 1102 3331 C
1137 3281 1277 3344 (tolqulC

428 3370 464 3407 er.
483 3358 775 3409 unndoonoviril„
810 3359 1101 3423 (tilvldeturniust.
1136 3362 1279 3424 (inopen

427 3436 532 3565 εαξη
557 3438 608 3566 (ἑο)
632 3438 741 3501 suplicio
767 3438 796 3489 G
831 3440 881 3502 (19)
898 3440 972 3489 exnei
991 3439 1019 3489 G
1055 3440 1104 3503 (ιι)
1122 3441 1146 3488 in
1160 3441 1279 3502 portuno
