2820 4680
832 599 887 660 ¹30

428 750 642 827 venerabiles
667 750 735 826 dei.
764 752 847 826 Non
872 775 994 825 omnes
1020 777 1090 826 uno
1114 775 1216 825 sensu
1235 774 1279 824 ac

428 866 547 966 spiritu
571 866 723 942 vivimus.
744 866 893 941 Diversa
910 883 988 941 sunt
1006 866 1135 964 praelia,
1154 864 1278 941 diversi

428 981 596 1082 agonistae
622 981 655 1055 in
682 1006 749 1056 una
774 997 811 1055 et
835 998 956 1056 sancta
988 981 1119 1056 Christi
1150 981 1276 1055 militia

428 1097 493 1172 Alii
508 1099 652 1189 celeres,
670 1097 725 1172 alii
742 1097 881 1187 statarii,
899 1097 953 1171 alii
972 1098 1204 1188 centuriones,
1223 1097 1278 1172 alii

402 1249 412 1302 ς
427 1213 583 1313 gregarii.
604 1214 679 1312 Ego
692 1212 833 1303 iuvenis,
851 1237 920 1311 ego
937 1237 996 1287 vas
1014 1212 1131 1303 fictile,
1150 1238 1219 1311 ego
1233 1212 1279 1287 de

428 1346 519 1404 terra
544 1346 716 1418 terrenus;
744 1328 789 1401 illi
807 1328 938 1418 maturi,
957 1328 1001 1402 illi
1020 1331 1205 1419 columnae,
1234 1328 1279 1402 illi

427 1462 464 1520 et
489 1445 629 1520 forsitan
656 1443 960 1542 impassibilitatem
986 1444 1103 1543 adepti
1133 1462 1170 1518 et
1200 1469 1280 1519 sen·

427 1586 524 1637 suum
563 1563 637 1635 lora
674 1559 707 1634 in
742 1575 915 1657 potestate
946 1577 1113 1635 tenentes.
1147 1560 1279 1634 Etenim

430 1678 573 1751 Paulum
600 1676 737 1750 intueor
754 1692 833 1774 post
851 1692 984 1773 raptum
1003 1693 1070 1749 tam
1090 1677 1227 1750 beatum
1246 1676 1279 1750 in

387 1793 553 1866 rocaelum
583 1790 699 1866 adhuc
728 1790 949 1864 dimicantem
980 1807 1016 1864 et
1051 1791 1083 1864 in
1118 1790 1281 1866 membris

428 1906 497 1982 suis
523 1909 634 2006 legem
660 1907 824 1980 voluntati
843 1906 1048 1980 contrariam
1063 1906 1277 1980 sentientem.

431 2021 656 2119 Expectanda
677 2022 778 2096 nobis
796 2021 904 2095 fracta
920 2020 1083 2112 canicies,
1101 2021 1128 2095 si
1146 2038 1183 2095 et
1198 2021 1280 2096 satis

429 2163 572 2237 quoque
597 2162 720 2212 secura
736 2162 780 2212 ea
796 2154 849 2212 est
866 2138 1106 2235 ambobusque
1123 2137 1279 2236 contige·

430 2252 482 2327 rit.
503 2252 614 2354 Quod
639 2254 666 2327 si
697 2279 760 2328 nos
790 2254 846 2327 illa
866 2253 1038 2339 fefellerit,
1061 2253 1281 2352 expectanda

388 2409 413 2463 ι,
430 2368 582 2467 denique
608 2384 749 2443 ventura
773 2370 938 2443 securitas
968 2370 1042 2467 ipsa
1057 2369 1280 2467 gloriosaque

431 2483 675 2574 immortalitas,
688 2483 830 2583 quando
844 2484 940 2583 quod
953 2500 1062 2559 satum
1080 2502 1135 2559 est
1151 2485 1183 2558 in
1201 2509 1279 2558 cor·

430 2599 590 2698 ruptione
607 2616 724 2699 surget
738 2600 770 2674 in
783 2601 903 2700 gloria,
914 2600 1055 2700 quando
1064 2600 1204 2675 sexibus
1217 2627 1280 2675 no·

429 2714 506 2791 stris
515 2715 595 2790 vitia
603 2714 824 2790 detrahentur
834 2733 953 2790 natura
961 2715 1280 2815 servata,quandoa

430 2831 591 2907 foeditate
607 2849 713 2930 atque
731 2833 857 2906 rubore
875 2856 963 2906 nova
979 2848 1137 2906 creatura
1154 2832 1214 2905 fiet
1227 2831 1277 2905 in-

387 2948 550 3029 zomunis.
562 2948 698 3023 Interim
708 2973 792 3023 vero
805 2973 874 3048 ego
884 2965 929 3039 te,
940 2972 1049 3038 soror,
1060 2946 1187 3021 fiducia
1197 2950 1279 3021 cha·

430 3063 536 3139 ritatis
566 3064 693 3140 hortari
724 3089 1020 3162 commonereque
1051 3089 1119 3138 non
1145 3088 1278 3152 vereor,

429 3196 592 3279 quantum
607 3179 682 3278 ipsa
697 3198 800 3279 potes
817 3179 979 3278 imprimis
996 3196 1168 3254 secretum
1185 3202 1280 3253 ames

429 3313 466 3371 et
490 3322 559 3371 non
584 3295 693 3395 quaeri
718 3295 836 3370 aviris
861 3298 915 3370 vel
941 3294 1079 3394 optimis
1105 3293 1280 3369 molestius

476 3568 527 3635 (η)
542 3571 618 3634 (Μή
634 3570 664 3621 C
