2820 4680
834 553 889 626 ¹54

431 711 464 785 in
489 736 561 809 quo
589 711 739 785 omnium
770 715 859 786 sulus
892 712 956 787 sita
980 713 1033 802 sit,
1059 712 1155 786 cuius
1171 735 1280 808 opere

429 828 648 902 subleventur
661 826 754 917 boni,
768 826 1003 926 opprimantur
1021 827 1107 902 mali.
1129 829 1280 901 Laetetur

429 941 546 1042 itaque
579 959 672 1017 totus
704 942 854 1017 fidelium
889 960 1005 1018 coetus
1038 960 1075 1019 et
1107 942 1278 1018 canticum

428 1057 557 1134 laetitiae
582 1076 619 1133 et
643 1058 860 1134 exultationis
884 1062 952 1134 alta
981 1084 1071 1134 voce
1105 1058 1278 1150 concinat,

402 1205 412 1258 t
429 1199 508 1251 cum
517 1175 591 1250 eius
603 1175 835 1274 'gloriosissimi
849 1175 953 1274 patris
966 1193 1002 1250 et
1015 1176 1279 1276 propugnatoris

428 1308 589 1389 tanquam
603 1316 692 1366 rosae
710 1291 814 1365 nimio
831 1291 1008 1390 fragrantis
1024 1291 1135 1367 odore
1152 1310 1188 1366 et
1205 1309 1279 1366 tan·

428 1431 531 1506 quam
558 1406 710 1508 cypressi
737 1407 769 1480 in
788 1406 865 1480 caeli
883 1406 1094 1483 altitudinem
1111 1431 1150 1482 se
1167 1410 1278 1483 extol-

427 1523 528 1598 lentis
554 1521 724 1623 usquead
742 1539 932 1597 extremum
959 1540 1061 1598 terrae
1087 1522 1278 1622 divulgetur

428 1663 555 1714 nomen
581 1656 618 1714 et
642 1639 676 1711 in
700 1655 866 1713 aetemum
894 1638 937 1712 sit
961 1638 1126 1714 memoria
1149 1639 1223 1713 eius
1244 1639 1276 1712 in

387 1754 684 1831 robenedictione.
711 1753 781 1829 Sed
807 1753 890 1854 quid
916 1779 993 1853 ago,
1020 1780 1100 1853 quae
1117 1755 1200 1829 tanti
1218 1755 1276 1827 viri

427 1869 548 1946 laudes
573 1894 731 1945 enarrare
757 1869 914 1961 audeam,
942 1870 1066 1968 quibus
1091 1872 1195 1969 plena
1224 1888 1277 1944 est

427 2003 528 2076 terra,
554 1986 651 2060 cuius
675 1983 840 2084 splendor
864 2002 918 2060 est
941 1985 1031 2061 sicut
1055 1985 1180 2075 lumen,
1198 2009 1275 2059 cum

427 2102 460 2175 in
486 2127 624 2176 omnem
650 2118 773 2177 terram
799 2101 942 2176 exiverit
966 2125 1071 2176 sonus
1095 2100 1168 2175 eius
1185 2100 1277 2174 iuxta

427 2215 509 2292 illud
535 2216 663 2315 reginae
688 2218 833 2306 Sabbae;
860 2216 968 2292 maior
988 2216 1079 2292 enim
1105 2233 1159 2291 est
1186 2215 1276 2314 sapi-

385 2361 411 2414 ις
426 2331 520 2407 entia
544 2349 602 2406 tua
618 2349 654 2407 et
670 2357 780 2430 opera
796 2358 898 2431 quam
916 2357 1041 2424 rumor,
1059 2357 1163 2431 quem
1181 2331 1276 2407 audi-

426 2447 551 2523 vimusl
589 2450 715 2523 Patere
745 2447 854 2547 igitur,
885 2465 983 2547 pater
1008 2447 1215 2540 beatissime,
1241 2464 1277 2521 et

427 2566 517 2638 hanc
525 2563 686 2661 ingenioli
697 2562 762 2637 mei
778 2562 977 2660 imperitiam
991 2580 1028 2638 et
1040 2579 1276 2662 paupertatem

426 2681 510 2755 laeto
522 2678 647 2770 animo,
662 2677 709 2752 uti
721 2677 837 2754 omnia
848 2680 951 2770 soles,
966 2695 1003 2753 ut
1019 2680 1064 2753 ab
1081 2679 1177 2753 initio
1194 2678 1275 2770 dixi,

426 2795 603 2893 suscipere
628 2810 665 2867 et
682 2796 852 2893 patienter
872 2796 962 2892 lege,
981 2793 1142 2893 quoniam
1161 2819 1275 2892 neque

384 2942 415 2979 ιο
425 2935 542 2986 aurum
569 2934 684 3009 neque
708 2927 885 3009 argentum
903 2934 1024 2984 munus
1041 2926 1105 3000 est,
1122 2909 1185 2984 sed
1203 2910 1276 3008 ipsa

426 3025 605 3101 tribuentis
620 3028 787 3116 voluntas,
806 3050 920 3124 neque
940 3024 1023 3124 quid
1045 3023 1146 3099 detur
1162 3025 1275 3098 consi-

426 3140 627 3232 derandum,
653 3140 716 3217 sed
742 3166 812 3240 qua
832 3157 958 3233 mente,
976 3166 1048 3240 quo
1064 3140 1189 3230 animo,
1207 3164 1276 3238 qua

425 3260 609 3332 voluntate.
655 3260 772 3332 Deum
814 3281 924 3334 sacrae
955 3257 1079 3332 litterae
1112 3271 1276 3330 testantur

473 3440 508 3507 (4)
524 3441 657 3492 concinant
676 3441 707 3492 c.
746 3440 797 3508 (tr)
820 3454 940 3493 euenere
965 3441 990 3491 C
1010 3454 1027 3491 a
1049 3439 1127 3505 primu
1153 3452 1227 3490 manu
1250 3439 1275 3488 in

427 3533 513 3585 marm,
531 3533 683 3572 enumerare
705 3520 730 3571 r'n
746 3523 818 3572 uam.
