2820 4680
449 885 628 956 Lxxxu.

226 1102 357 1164 (verone.
374 1102 417 1152 die
434 1103 478 1150 ΙΧ.
498 1103 591 1151 mensis
608 1104 715 1166 Augusti
732 1117 754 1152 ι.
777 1105 858 1165 1461.)

115 1308 170 1380 Ad
194 1307 342 1381 illustrem
367 1316 400 1381 et
422 1306 626 1406 magnificum
652 1306 780 1382 militem
814 1311 965 1382 Veretum

112 1422 275 1520 patritium
300 1426 347 1496 D.
375 1423 530 1496 Iacobum
564 1422 737 1496 Antonium
770 1422 964 1497 Marcellum

117 1539 148 1611 in
175 1537 262 1612 obitu
286 1537 355 1611 eius
378 1537 555 1613 dulcissimi
577 1548 608 1612 ei
632 1537 741 1631 inclyti
754 1538 823 1639 filii
850 1537 968 1613 Valerii
997 1562 1007 1610 1

178 1652 332 1728 Marcelli
345 1656 445 1728 Isoioe
461 1653 642 1752 Nogomlae
660 1653 897 1729 Comoiuton'u.

110 1864 394 2213 ΜΕΝ
414 1911 469 1960 me
483 1885 575 1985 apud
591 1888 812 1961 Plutarchum
826 1887 962 1985 legisse,

310 2001 523 2098 magnanime
548 2002 689 2076 domine
714 2019 819 2100 utque
848 2002 964 2077 claris-

309 2117 395 2190 sime
430 2122 544 2215 puter‚
580 2118 755 2215 antiquum
789 2120 963 2216 quendum

112 2233 444 2332 philosophumcum
453 2234 632 2308 Arsinoem
649 2235 801 2332 reginam
817 2251 962 2309 mortem
979 2265 1008 2300 ιο

112 2348 169 2422 filii
181 2349 328 2448 graviter
345 2349 511 2423 ferentem
526 2350 697 2424 consolari
711 2368 904 2440 conaretur,
918 2351 963 2426 ad

112 2489 187 2538 eam
219 2464 405 2563 ingressum
436 2465 486 2539 sic
512 2466 653 2540 fabulari
679 2466 851 2564 coepisse:
885 2467 964 2541 Fuit

111 2580 287 2678 quoddam
331 2597 477 2680 tempuS,
512 2607 536 2656 o
569 2582 696 2680 regina,
731 2607 803 2680 quo
838 2583 963 2681 Iupiter

111 2697 269 2771 omnibus
302 2696 367 2772 diis
400 2722 465 2795 pro
500 2697 764 2799 uniuscuiusque
797 2698 962 2795 dignitate

112 2813 278 2886 honorem
305 2812 484 2886 distribuit.
505 2815 557 2888 Eo
575 2832 732 2912 tempore
750 2816 861 2889 luctus
877 2816 961 2889 abe·
977 2843 1003 2892 15

111 2945 172 3016 rat,
198 2953 349 3026 cumque
372 2929 437 3002 iam
455 2929 569 3004 divisis
587 2929 775 3004 honoribus
793 2929 960 3020 rediisset,

155 3149 226 3198 Extat
244 3150 266 3197 in
286 3149 361 3198 unico
372 3149 464 3199 codice
475 3148 519 3212 (C)
536 3150 704 3201 Bibliothecae
719 3151 833 3200 Civitatis
846 3152 962 3201 Ferrum

110 3229 212 3289 (Codici
231 3230 321 3287 Esteri,
341 3231 422 3279 classe
440 3245 462 3289 2,
482 3232 528 3280 Νι.
544 3241 595 3290 133,
615 3231 648 3279 Ν.
667 3234 696 3279 Α.
714 3231 744 3293 s),
762 3232 806 3294 qui
818 3232 877 3281 oiim
891 3233 961 3282 losn-

110 3308 148 3358 nis
164 3309 288 3373 Baptista
304 3310 402 3359 Ponetii
419 3310 581 3361 Curmeiitsni
599 3312 770 3362 Ferrsriensis
785 3312 829 3363 die
847 3326 876 3374 ²7
893 3328 961 3364 men-

110 3388 144 3437 sis
161 3389 285 3438 Martiis.
306 3401 364 3449 ¹⁴97
381 3389 495 3440 defuncti
513 3400 575 3440 erat.

156 3468 191 3531 (4)
210 3471 376 3519 Mesrcelium
393 3469 423 3520 C.
458 3469 507 3532 (ιο)
522 3483 579 3520 cum
601 3473 656 3520 ante
671 3473 802 3537 antiquum
823 3476 858 3523 cst
880 3473 905 3523 in
928 3474 957 3525 C.

109 3548 160 3613 (12)
169 3549 293 3626 ooepisset
309 3549 340 3600 0

162 3669 223 3711 lsotoe
237 3669 348 3725 uogmtoe
363 3669 433 3728 Opem
455 3671 480 3720 ΙΙ.
825 3670 851 3708 11
