2820 4680
821 573 862 630 bb

422 740 609 838 compertis
628 740 823 815 interiorum
837 740 989 815 sectibus
1003 755 1039 814 et
1056 739 1170 838 figuris
1185 740 1273 841 intus

422 855 562 954 prosint.
577 857 711 953 Neque
737 855 879 930 crudele
905 871 969 944 est,
996 879 1184 953 paucorum
1211 881 1273 928 no-

421 970 572 1047 centium
606 971 782 1069 suppliciis
820 972 1000 1044 multorum
1040 969 1272 1044 innocentium

422 1085 575 1161 remedia
608 1085 726 1183 quaeri.
764 1085 996 1160 Ponderanda
1025 1101 1114 1173 sunt,
1149 1085 1273 1184 quibus

395 1201 607 1286 saecundam
630 1201 850 1277 valitudinem
868 1226 1052 1291 servemus,
1071 1200 1195 1299 quibus
1212 1200 1273 1276 ad-

419 1342 551 1393 versam
570 1317 748 1416 fugiamus,
766 1343 810 1392 ex
837 1317 1035 1392 humoribus
1061 1316 1145 1415 quid
1170 1341 1272 1415 supe·

419 1457 508 1524 raas,
523 1432 606 1531 quid
620 1432 786 1507 deficiens
799 1433 853 1522 sit,
872 1457 939 1507 nec
951 1458 1071 1531 speres
1084 1457 1162 1506 eum
1177 1448 1273 1506 recte

420 1565 625 1638 curaturum,
652 1573 755 1645 quem
790 1550 867 1623 haec
901 1548 1029 1622 fallunt
1060 1549 1140 1621 Nec
1165 1572 1272 1645 expe

420 1662 573 1738 tiendum
604 1663 750 1737 faciliter
774 1680 828 1737 est
857 1688 923 1737 nec
953 1662 1158 1738 inculcanda
1195 1678 1272 1736 sunt

379 1812 408 1848 ιο
421 1778 684 1869 medicamenta,
706 1778 769 1853 sed
794 1803 925 1853 summa
950 1802 1029 1853 cum
1055 1777 1212 1852 ratione.
1234 1835 1269 1849 ..

421 1898 573 1971 necsola
595 1898 708 1970 valent
720 1895 966 1994 experimenta,
990 1895 1151 1992 quoniam
1170 1895 1272 1968 inter·

421 2009 501 2084 dum
537 2034 625 2084 nova
655 2009 808 2084 incidunt
838 2011 1035 2084 morborum
1059 2034 1200 2108 genera,
1239 2009 1271 2082 in

421 2126 545 2223 quibus
576 2124 914 2223 prudentissimorum
941 2126 1158 2223 antiquorum
1194 2151 1272 2200 usus

420 2265 498 2315 esse
532 2266 601 2314 non
636 2241 755 2338 potuit
794 2240 921 2314 Differt
954 2241 1056 2315 etiam
1091 2241 1270 2338 plurimum

378 2387 403 2437 ις
421 2355 548 2430 Brixiae
566 2358 619 2429 vel
632 2358 783 2430 Veronae
795 2355 948 2453 spiritum
970 2358 1140 2431 attrahere
1158 2357 1270 2444 alium,

420 2470 608 2545 itemalium
618 2471 883 2546 cibumsumere.
893 2472 1133 2573 Quaerendum
1144 2472 1176 2545 in
1187 2497 1272 2570 quas

420 2587 648 2661 membrorum
667 2604 781 2684 partes
799 2586 981 2686 digeratur,
992 2604 1154 2685 quantum
1173 2613 1272 2663 vente

420 2718 546 2776 nostrae
559 2726 597 2776 se
610 2702 809 2777 submittant
821 2705 875 2778 vel
896 2706 1062 2778 attollant.
1078 2703 1270 2802 intelligen-

419 2816 511 2906 dum,
529 2841 610 2913 quae
626 2817 670 2891 sit
685 2819 893 2892 somniorum
912 2836 948 2892 et
965 2819 1149 2917 vigiliarum
1173 2818 1270 2909 ratio,

375 2931 1271 3032 20quidegestasignificent‚quidaccidentiaminen-

419 3063 482 3136 tur,
492 3046 575 3144 quid
593 3048 694 3123 animi
713 3065 824 3125 motus
839 3066 1014 3124 testentur.
1031 3053 1126 3151 Quae
1143 3066 1179 3124 et
1196 3053 1271 3149 plu-

419 3161 503 3235 rima
512 3161 563 3236 his
573 3162 783 3262 similiaquia
793 3166 942 3239 humano
956 3165 1084 3239 iudicio
1098 3165 1207 3239 ferme
1221 3165 1271 3238 in-

465 3468 500 3531 (t)
522 3469 661 3519 secondum
679 3470 709 3521 C.
751 3472 784 3533 (7)
808 3471 932 3521 diffiniens
955 3472 985 3522 C.
1036 3471 1086 3535 (ις)
1109 3479 1210 3522 atraere
1237 3472 1266 3521 G

419 3547 470 3611 (ιό)
487 3560 624 3610 quoquere
639 3549 669 3600 G
705 3550 755 3613 (17)
772 3548 897 3615 digeritur
914 3551 943 3601 G
978 3551 1028 3615 (ιθ)
1046 3551 1189 3616 intelligere
1206 3551 1235 3601 G
