2820 4680
828 553 883 631 136

424 722 521 797 huius
548 739 674 797 nostrae
698 721 811 797 aetatis
828 722 1017 822 primariam
1036 725 1090 798 vel
1108 725 1153 798 ab
1170 724 1275 798 atavis

423 838 561 936 regibus
585 836 711 915 editam
738 840 792 912 vel
818 862 839 912 a
863 837 928 913 diis
959 839 1212 930 immortalibus,
1240 857 1275 912 ut

423 954 578 1044 arbitror,
604 953 793 1044 oriundam,
821 980 888 1029 non
915 956 1021 1030 modo
1047 982 1145 1055 pur0,
1173 957 1274 1047 sacili,

425 1070 559 1160 Latino,
590 1070 682 1144 suavi
713 1094 756 1144 ac
787 1069 903 1144 lucido
935 1071 979 1144 uti
1010 1096 1181 1161 sermone,
1211 1072 1274 1147 sed

397 1217 406 1269 ς
423 1208 629 1260 summorum
657 1185 830 1259 hominum
858 1185 986 1260 iudicio
1010 1189 1083 1261 sale
1101 1204 1137 1260 et
1154 1190 1274 1286 lepore

422 1300 573 1400 quodam
589 1325 631 1376 ac
647 1300 853 1398 politissimis
870 1302 1046 1375 sententiis
1065 1302 1128 1376 iam
1148 1320 1272 1376 tantam

422 1416 561 1491 dicendi
593 1416 789 1490 facultatem
821 1440 898 1490 esse
928 1415 1102 1514 adeptam,
1131 1434 1165 1490 ut
1195 1443 1272 1491 curn

422 1550 591 1608 vetustate
625 1532 699 1630 ipsa
733 1549 867 1606 certare
901 1533 974 1606 sine
1004 1532 1111 1607 dubio
1141 1559 1296 1632 posses„

423 1649 544 1750 Quare
559 1646 614 1720 ubi
628 1672 697 1744 ego
709 1647 927 1721 animadverti
947 1648 1058 1738 lacile,
1069 1674 1184 1735 suave,
1203 1651 1274 1723 ele-

379 1787 516 1861 rogans,
530 1762 758 1862 splendidum,
773 1780 909 1836 acutum
928 1781 964 1837 et
982 1765 1161 1862 copiosum
1181 1782 1272 1838 tuum

423 1878 457 1952 id
474 1878 614 1952 dicendi
631 1903 752 1977 genus,
773 1878 888 1953 lacere
905 1905 971 1953 non
985 1881 1080 1977 potui
1100 1882 1274 1979 plerisque

422 1993 523 2068 etiam
552 1993 786 2068 conterraneis
813 1994 877 2068 tuis
902 1994 1135 2085 suadentibus,
1154 1997 1274 2094 quine

422 2109 567 2206 vestigio
598 2109 748 2182 nonnihil
778 2107 895 2182 darem
934 2110 978 2184 ad
1017 2128 1051 2183 te
1090 2111 1272 2184 litterarum

423 2249 584 2314 mearum,
612 2249 680 2298 non
707 2224 803 2320 quod
821 2225 859 2314 is,
878 2249 956 2299 mea
973 2228 1086 2316 lsotta,
1105 2226 1165 2299 sim
1187 2228 1274 2299 Del-

380 2371 405 2422 15
422 2340 528 2439 phico
547 2337 595 2435 (ut
612 2339 662 2414 sic
682 2337 837 2435 dixerim)
850 2342 993 2414 oraculo
1007 2340 1062 2414 dei
1082 2341 1273 2430 instructus,

422 2454 519 2530 cuius
536 2453 693 2528 doctrina
709 2457 766 2527 vel
784 2455 985 2551 eloquentia
1001 2472 1161 2553 tanquam
1185 2481 1273 2553 prae-

422 2569 525 2669 cipua
549 2587 585 2643 et
609 2569 785 2668 singularis
811 2594 852 2643 ac
874 2571 933 2643 viri
963 2570 1171 2645 disertissimi
1203 2596 1273 2645 ma·

421 2710 578 2784 gnopere
603 2685 720 2784 expeti
747 2684 887 2775 debeat,
905 2686 967 2760 abs
993 2703 1028 2760 te
1045 2687 1232 2785 praesertim
1251 2712 1272 2760 e

421 2803 531 2892 coe10,
546 2819 583 2876 ut
594 2819 691 2900 puto,
705 2800 750 2876 ad
765 2826 827 2875 nos
845 2801 1003 2892 demissa,
1022 2826 1102 2898 quae
1120 2801 1271 2899 quidem,

378 2949 410 2985 ιο
422 2917 583 3015 quoniam
609 2917 782 3014 egregiam
800 2915 953 2990 dicendo
971 2942 1009 2991 es
1027 2917 1161 2991 laudem
1180 2943 1272 2992 asse·

422 3049 514 3121 cuta,
540 3031 620 3105 nihil
647 3031 708 3105 nisi
730 3048 765 3105 te
783 3030 934 3128 dignum,
954 3033 1023 3105 hoc
1041 3049 1094 3106 est
1111 3035 1271 3130 amplum,

424 3147 564 3244 regium,
598 3149 750 3245 elegans,
785 3147 1012 3246 splendidum,
1057 3148 1270 3245 magnificum

423 3277 460 3334 et
483 3286 690 3359 generosum
717 3286 856 3360 semper
880 3265 972 3336 soles
990 3262 1128 3350 intueri;
1155 3263 1218 3337 sed
1238 3281 1272 3336 ut

469 3523 504 3586 (1)
519 3525 608 3572 attavis
625 3527 651 3573 8.
