2820 4680
862 599 919 679 ³7⁸

472 764 598 846 Semper
613 767 702 826 lsottu
715 766 815 828 volens
828 785 939 848 augere
953 786 988 828 en
1003 769 1124 849 praemiu
1138 769 1252 842 mentis,

416 872 461 920 3⁴0
477 865 529 924 Est
552 864 660 943 quibus
682 876 751 926 unte
774 885 879 927 omnes
892 885 1005 927 sumum
1018 866 1209 928 celeberrime
1224 866 1323 928 lnude.

472 962 508 1022 At
524 974 678 1043 postquem
694 982 762 1024 care
776 964 929 1025 mulierem
946 964 1004 1025 lata
1019 976 1141 1045 parente

475 1059 628 1121 Priuuvere
641 1079 762 1135 sacram,
781 1080 869 1140 quum
884 1072 947 1121 toto
961 1060 1038 1121 fleuit
1051 1080 1149 1122 umere

471 1157 622 1239 Tempore
636 1159 707 1220 dum
721 1160 797 1232 vixit,
816 1160 900 1220 cuius
913 1159 1079 1220 venerabile
1094 1179 1202 1221 nomen

471 1253 596 1337 Semper
610 1256 722 1318 honore
738 1257 795 1339 pio,
814 1275 933 1338 semper
946 1257 1010 1318 tulit
1024 1258 1133 1338 optime
1148 1258 1229 1331 votis,

414 1360 455 1412 343
474 1354 600 1433 Pignora
613 1372 682 1433 quae
696 1353 755 1415 dixi
771 1355 834 1415 lore
849 1373 924 1427 cure,
943 1353 1009 1414 haec
1023 1355 1085 1434 ipse
1100 1366 1199 1416 tuetur

470 1451 567 1530 Atque
582 1452 668 1527 fovet,
688 1453 791 1514 fratres
806 1453 877 1514 mira
891 1450 1096 1531 complectitur
1109 1454 1191 1513 omni

470 1548 580 1611 Cordis
593 1568 652 1630 ope
666 1561 696 1611 et
710 1562 834 1611 cunctos
849 1562 984 1610 materno
998 1559 1101 1611 tractat
1120 1569 1230 1612 amore.

472 1648 627 1730 Praecipue
644 1647 810 1709 Ludovicus
823 1650 850 1709 ei
864 1651 1042 1728 gratissimus
1055 1666 1121 1711 esse

471 1746 584 1827 Incipit,
604 1746 661 1807 hoc
675 1746 767 1808 maior
781 1765 901 1827 nanque
915 1758 960 1809 est
975 1748 1120 1811 Antonius
1133 1746 1217 1806 annis

413 1850 457 1902 ³5⁰
468 1846 565 1925 Atque
583 1845 769 1906 leonardum
784 1846 941 1907 Vinoentia
955 1848 1050 1928 prisca
1065 1845 1185 1927 recepit,

469 1942 616 2023 Coniugis
630 1955 662 2003 ut
675 1954 787 2004 tutetur
800 1961 873 2024 opes
886 1944 1077 2024 cumuletque
1093 1944 1243 2004 nomisma.

469 2041 506 2101 At
523 2041 688 2102 Ludovicus
701 2051 764 2101 erut
779 2041 910 2102 nondum
925 2042 980 2102 sub
994 2042 1121 2122 coniuge
1136 2040 1268 2122 pulcher,

472 2139 594 2219 lngenio
610 2138 693 2212 lucili,
711 2137 787 2199 divae
801 2138 912 2200 virtutis
926 2139 1069 2213 alumnus,

472 2236 622 2296 Fratribus
642 2236 686 2296 his
702 2254 761 2296 non
776 2247 838 2296 arte
853 2236 956 2308 minor,
977 2255 1036 2296 non
1051 2235 1183 2317 corporis
1198 2254 1263 2310 usu,

413 2338 454 2391 333
473 2333 563 2394 Miles
578 2334 606 2394 in
621 2352 702 2394 arma
717 2333 809 2407 ferox,
829 2334 895 2396 lusit
909 2335 959 2414 qui
975 2333 1124 2395 hastilibus
1138 2334 1214 2393 inter

468 2432 529 2492 Tot
538 2431 881 2512 specieslrominumtum
892 2449 972 2513 saepe
983 2432 1039 2492 hnc
1047 2431 1133 2493 leude
1139 2432 1326 2512 triumphans

471 2528 624 2589 Redderet
646 2540 677 2589 ut
691 2540 814 2589 cunctos
828 2528 1017 2609 stupefactos.
1038 2528 1138 2589 Huius
1151 2546 1251 2589 umore

471 2625 626 2706 Flugrubat
640 2627 731 2707 magis
745 2626 799 2701 illu,
818 2627 897 2688 velut
910 2626 1035 2688 voluisse
1052 2627 1153 2687 Diana

472 2724 592 2785 Dicitur
605 2723 743 2786 ardentes
760 2725 867 2785 Phoebi
882 2742 1063 2805 componere
1077 2724 1181 2798 vultus,

413 2826 457 2878 30⁰
472 2822 616 2902 lntegrior
630 2822 724 2883 fratris
739 2821 843 2882 faciem
860 2821 913 2882 luit
927 2840 979 2882 ore
993 2833 1103 2882 secute.

471 2919 564 2981 Hunc
578 2919 665 2999 igitur
678 2919 724 2980 vel
741 2921 831 2981 lsotta
845 2920 897 2980 luit
911 2919 1066 3001 complexa
1080 2936 1134 3000 per
1147 2920 1261 2980 omneis

468 3018 570 3098 Quem
586 3017 682 3079 foveat
695 3029 856 3098 teneatque
871 3019 935 3079 sinu
950 3018 1239 3090 castissimorum

468 3114 631 3177 Connubio
646 3115 737 3176 lunxit
752 3116 799 3176 cui
814 3115 944 3194 denique
959 3116 1023 3176 iure
1038 3115 1173 3196 puellam,

468 3213 574 3293 Qualis
588 3225 650 3274 emt
665 3232 762 3274 mores
776 3214 883 3274 imitata
898 3214 1017 3292 insignis
1032 3214 1180 3274 honestos.

412 3318 456 3371 ³05
469 3312 615 3395 Coeperet
628 3323 659 3372 et
673 3312 773 3394 primis
787 3311 900 3373 inmun
917 3312 1081 3394 pubescere
1096 3312 1126 3372 in
1142 3312 1236 3386 annis,

516 3498 581 3564 (³⁴¹)
594 3512 656 3549 aro
672 3500 703 3549 0
737 3497 802 3564 (³4⁶)
818 3499 900 3549 oum
918 3500 945 3549 V·
979 3498 1044 3564 (³5¹)
1056 3499 1177 3549 anunm
1192 3499 1220 3547 V·
1255 3499 1324 3567 (355)

471 3580 582 3643 lusitque
599 3581 624 3629 h.
646 3580 674 3628 V.
708 3579 774 3644 (358)
791 3581 890 3643 Flagret
910 3581 938 3628 V.
