2820 4680
656 580 710 649 ²35

254 734 342 809 oculi
364 736 531 810 amborum
556 745 589 810 ei
611 745 824 835 cognoverunt
845 761 883 809 se
906 734 1107 811 esse'nudos.

254 851 330 925 Alia
355 850 417 926 suit
442 876 551 950 poena
579 851 772 950 increpatio
802 850 952 950 propriae
982 853 1109 950 culpae,

256 965 321 1039 ibi:
348 969 434 1041 Ecce
458 966 568 1040 Adam
583 962 701 1067 factus
718 976 768 1041 est
781 965 879 1066 quasi
894 991 975 1040 unus
991 991 1036 1040 ex
1051 991 1110 1040 no-

256 1081 317 1175 bis,
348 1081 454 1156 sciens
483 1083 601 1156 bonum
630 1091 663 1156 ei
688 1081 818 1156 mann.
851 1083 971 1158 Tertia
995 1099 1109 1159 autem

257 1196 378 1272 suturae
405 1198 523 1272 mortis
549 1197 836 1273 commemoratio
863 1197 935 1289 suit,
962 1223 1041 1272 cum
1059 1197 1111 1273 di·
1142 1227 1152 1281 ς

257 1330 350 1386 ctum
376 1330 448 1388 est:
468 1312 578 1388 Htlvrs
599 1339 635 1387 es
659 1322 692 1387 et
706 1312 738 1386 in
751 1312 917 1412 pulverem
938 1311 1109 1387 reveneris.

258 1428 397 1528 Quibus
422 1427 467 1503 de
493 1428 622 1503 caussis
647 1429 826 1502 amborum
853 1451 961 1526 poena
978 1427 1112 1503 videtur

255 1543 408 1640 aequalis.
437 1543 548 1644 Quod
573 1543 601 1617 si
627 1543 703 1641 quis
729 1543 819 1617 sorte
844 1543 1112 1641 oin-§conceptus

255 1676 442 1757 partusque
469 1659 692 1734 incommoda
717 1661 799 1734 Evae
820 1658 1013 1757 graviorem
1031 1682 1111 1756 poe-

257 1798 335 1848 nam
360 1774 564 1874 suspicetur,
584 1792 620 1849 ut
645 1774 800 1850 advertat
825 1791 966 1873 oportet
981 1773 1110 1873 gaudio
1126 1802 1156 1840 10

256 1907 389 1964 exortae
416 1890 522 1989 prolis
547 1915 685 1964 omnem
712 1889 820 1965 deleri
851 1889 1029 1978 tristitiam,
1059 1889 1111 1964 di·

257 2022 361 2079 cente
386 2004 547 2080 domino:
576 2004 707 2096 Mulier,
733 2003 925 2105 comparit,
956 2003 1112 2079 instituam

256 2120 365 2213 habet,
393 2144 465 2194 cum
489 2129 597 2194 autem
616 2119 756 2220 peperit,
786 2146 849 2194 non
868 2118 1008 2193 meminit
1016 2134 1112 2219 pres·

256 2260 343 2309 surae
361 2244 498 2335 propter
508 2234 677 2335 gaudium,
697 2235 774 2334 quia
791 2243 885 2310 natus
902 2243 951 2309 est
965 2235 1061 2309 homo
1079 2233 1111 2308 in

258 2350 418 2427 mundum.
441 2353 533 2426 Pno.
553 2352 655 2426 Adeo
672 2350 760 2425 scite
776 2351 1014 2449 subtiliterque
1032 2352 1110 2425 haec
1125 2380 1152 2434 n

258 2490 439 2565 poenarum
474 2467 616 2541 materia
649 2491 814 2565 percursa
846 2482 910 2551 est,
946 2482 982 2538 ut
1014 2464 1111 2563 quod

258 2582 338 2655 mihi
364 2599 499 2681 tempus
524 2607 568 2657 ex
586 2607 632 2656 eo
649 2606 808 2656 sermone
825 2580 870 2654 ad
888 2579 1110 2678 cogitandum

257 2696 413 2771 relictum
447 2697 626 2772 videbatur
659 2714 768 2771 torum
798 2695 1022 2770 attentissime
1051 2720 1112 2769 au·

257 2811 388 2887 diendo
418 2812 699 2912 consumpserim.
731 2812 801 2887 Sed
831 2831 950 2885 amens
979 2810 1053 2900 sim,
1083 2810 1111 2884 si

258 2929 377 3028 patiar,
409 2946 445 3002 ut
473 2929 588 3026 aliqua
618 2928 782 3028 temporis
811 2925 967 3001 diductio
997 2925 1157 3024 potiusne

259 3062 377 3143 parata
406 3045 471 3119 iam
502 3044 663 3143 praesidia
690 3043 823 3119 auferat
851 3067 955 3141 quam
992 3040 1112 3117 afferat

306 3309 341 3374 (r)
357 3310 393 3359 ibi
410 3308 443 3373 (r.
463 3307 520 3372 ni:
537 3309 605 3358 Ecce
621 3307 702 3358 Adam
719 3308 792 3370 quasi
809 3319 874 3356 unua
890 3318 922 3356 cx
939 3304 1013 3355 nobis
1029 3303 1111 3354 iaetus

259 3396 299 3440 est
321 3402 341 3440 a.
375 3389 411 3454 (6)
434 3398 474 3439 est
491 3389 524 3452 (v.
545 3388 600 3451 ¹9)=
618 3388 705 3438 Pulvis
720 3400 741 3436 e.
774 3387 823 3451 (ιι.
845 3385 883 3448 ¹3)
896 3385 1010 3435 Domino
1026 3384 1109 3448 (ioan.

259 3471 329 3519 XVI.
348 3468 404 3532 ari:
428 3470 464 3518 Μ.
483 3482 506 3518 o.
525 3481 550 3529 p.
569 3475 600 3516 tr.
620 3467 705 3526 habet,
724 3466 784 3529 quia
799 3465 867 3514 venit
884 3465 947 3513 hora
963 3464 1036 3524 ejus:
1053 3476 1110 3512 cum

258 3559 344 3598 autem
361 3549 494 3610 pepererit
511 3560 619 3609 puerum
636 3547 684 3606 jam
702 3559 751 3593 non
768 3544 880 3594 meminit
895 3555 915 3593 a.
