2820 4680
789 562 847 634 ²50

393 719 492 818 igitur
517 719 602 794 deus
628 720 755 811 facere,
784 721 880 819 quod
902 721 1017 819 aliqua
1045 723 1244 820 operatior

394 834 504 908 libero
530 835 698 932 procedat
732 837 871 910 arbitrio
906 837 982 935 ipso
1013 856 1183 929 manente,
1209 857 1246 913 et

394 975 463 1024 non
482 951 588 1025 libere
606 952 667 1026 sed
685 970 811 1027 coacte
829 955 895 1027 fiat.
915 954 1121 1052 Augustinus
1142 980 1246 1053 super

394 1067 546 1141 Genesi:
574 1070 652 1142 Non
672 1077 782 1167 polest
808 1069 888 1142 deus
904 1066 1025 1169 facere
1050 1080 1160 1144 curura
1185 1097 1245 1144 rru-

369 1193 508 1276 ituram,
536 1209 634 1283 quum
659 1185 746 1257 bona
767 1184 928 1258 uoluntate
952 1185 1089 1259 instituit.
1120 1189 1245 1261 Posset

393 1318 506 1385 autem
525 1300 610 1374 deus
628 1299 702 1396 ipse
723 1299 856 1373 auserre
879 1300 966 1373 illam
982 1300 1146 1375 libertatis
1160 1326 1244 1376 eon-

394 1415 558 1490 ditionem
585 1415 629 1490 ad
649 1414 844 1489 utrumlibet
860 1434 896 1489 et
914 1415 997 1489 dure
1015 1417 1126 1507 alium,
1145 1417 1244 1491 sicuti

394 1557 463 1606 non
490 1550 605 1629 potest
631 1531 716 1629 ignis
742 1531 828 1629 ignis
853 1556 994 1606 manens
1012 1557 1081 1605 nou
1100 1535 1245 1606 combu-

395 1672 482 1737 rere,
509 1647 571 1722 nisi
602 1647 676 1722 talis
695 1664 812 1721 natura
829 1665 977 1721 mutetur
993 1666 1030 1722 et
1046 1647 1091 1722 ad
1110 1666 1244 1746 tempus

353 1793 382 1829 ιο
394 1762 508 1836 divina
532 1762 654 1836 virtute
679 1763 915 1860 suspendatur.
949 1765 1040 1861 Ergo
1071 1763 1180 1837 minus
1209 1763 1244 1837 id

395 1894 510 1974 potest
527 1877 593 1951 aliu
609 1895 767 1951 creatura
784 1902 805 1951 a
825 1877 905 1962 deu,
922 1895 957 1951 ut
978 1881 1120 1975 angelus
1133 1880 1245 1952 bonus

384 1994 448 2066 -vel
473 1992 640 2066 diabolus.
660 1993 865 2089 Augustinus
883 1993 1049 2067 rationem
1067 1993 1175 2082 affert,
1193 1993 1245 2067 di-

394 2131 504 2182 cens:
539 2110 645 2207 Supra
678 2117 813 2182 mentem
846 2117 986 2182 nostram
1019 2109 1097 2182 uilu'i
1123 2119 1249 2208 proeier

395 2222 502 2314 deum,
529 2249 587 2297 nec
604 2223 685 2297 iuter
706 2224 802 2297 deum
828 2232 860 2296 ei
882 2232 1016 2297 mentem
1043 2233 1182 2298 nostram
1199 2234 1247 2298 esi

354 2370 378 2420 ις
395 2338 520 2438 aliquid
547 2338 693 2413 medium.
734 2342 878 2437 Cogeris
907 2357 1047 2436 oportet
1077 2340 1172 2436 quod
1203 2341 1246 2413 sit

394 2479 497 2552 supra
506 2454 692 2552 illudquod
705 2455 859 2552 cogitur;
874 2454 936 2529 sed
952 2457 1023 2529 Eva
1036 2455 1097 2528 luit
1106 2456 1246 2529 inferior

393 2571 516 2661 Adam,
546 2594 631 2668 ergo
662 2571 751 2643 illum
783 2571 827 2643 ad
858 2588 1042 2668 peccatum
1068 2570 1244 2645 adducere

396 2711 464 2759 non
492 2686 612 2782 potuit.
634 2687 830 2760 Ecclesiast.
851 2689 947 2759 XV.:
976 2690 1073 2759 Deus
1097 2687 1142 2759 ab
1159 2686 1246 2760 initio

395 2800 553 2875 constituit
567 2800 726 2874 hominem
742 2811 774 2874 ei
789 2800 913 2900 reliquit
927 2827 999 2874 eum
1013 2802 1044 2874 in
1058 2827 1156 2875 mauu
1169 2827 1245 2876 corr-

352 2916 458 2990 2orilr'i
471 2916 530 2990 rui.
552 2917 703 2991 Pruinde
725 2941 890 2990 accusare
911 2917 1014 2991 deum
1029 2918 1143 3015 potius
1156 2918 1246 2992 visus

394 3049 448 3106 est
477 3033 586 3106 Adam
617 3057 718 3129 quum
749 3056 787 3106 se
816 3056 995 3122 excusare,
1026 3057 1105 3106 curu
1140 3032 1242 3106 dixit:

394 3149 492 3222 Sucia
507 3174 606 3247 quum
622 3149 740 3223 deditii
745 3145 833 3248 fecii
849 3175 899 3221 me
912 3164 1060 3248 peccare.

441 3358 491 3422 (rii)
508 3358 679 3409 Ecclesiestici
696 3359 753 3407 XV.
772 3359 806 3422 (v.
823 3358 876 3422 14):
895 3359 968 3408 Deus
983 3372 1004 3409 ι.
1039 3358 1089 3422 (19)
1106 3359 1207 3409 illumin
1223 3370 1244 3407 e.

395 3439 442 3500 (rr.
464 3438 503 3501 22)
526 3439 587 3488 dixit
610 3439 687 3502 (Gen.
714 3440 755 3487 lll.
782 3438 836 3502 rz):
861 3439 963 3496 Mulier,
983 3452 1059 3500 quum
1076 3438 1171 3488 dedisti
1186 3438 1246 3487 milii

394 3519 496 3579 sociam,
515 3519 587 3567 dedit
603 3520 663 3567 milri
678 3520 713 3569 de
729 3520 805 3582 ligno,
824 3527 850 3567 et
866 3519 977 3568 comedi.
997 3519 1106 3568 Facilius
1122 3521 1164 3567 etc.
1181 3532 1201 3567 r.
