2820 4680
559 622 614 683 4¹5

163 802 231 848 non
252 776 283 847 in
302 793 458 873 apertum
478 774 543 863 illa,
563 773 626 848 sed
645 776 785 847 occulte
803 773 927 846 omnia.
947 774 1016 845 Ve-

162 916 234 963 rum
254 889 400 964 modicis
417 915 513 988 saepe
523 915 567 962 ex
578 890 680 963 rebus
690 913 812 987 magna
821 888 1016 986 deprehen-

162 1005 233 1079 das.
245 1008 362 1106 Quam
373 1003 843 1103 enimorarevidebas,quam
854 1004 1016 1093 ieiunare,

161 1143 263 1214 quam
298 1121 533 1195 continentem
576 1145 665 1206 esse,
699 1121 788 1194 hanc
821 1119 1016 1193 existimare

162 1236 354 1334 potesalias
363 1235 551 1335 rigiditates
560 1236 718 1334 eorporis
728 1234 893 1309 meditari.
906 1234 1016 1308 Cuius
1049 1270 1058 1320 t

162 1351 210 1425 rei
221 1352 451 1426 testimonium
466 1354 520 1426 vel
535 1352 716 1426 maximum
731 1351 792 1425 suit
807 1375 928 1449 magna
941 1349 1016 1447 qui-

162 1466 242 1540 dem
254 1466 372 1541 sacere
382 1467 482 1558 illam,
495 1467 625 1541 maiora
633 1483 747 1541 autem
757 1465 872 1539 animo
886 1490 1016 1539 conce·

163 1581 265 1679 pisse,
298 1583 459 1681 quoniam
488 1581 520 1655 in
546 1599 702 1656 extrema
726 1581 806 1655 vitae
832 1606 904 1655 suae
932 1583 1016 1654 hora

162 1714 324 1771 accurate
350 1697 423 1771 viro
440 1715 477 1771 et
496 1697 582 1772 natis
604 1698 692 1771 hanc
719 1697 868 1771 ultimam
895 1697 940 1770 ab
965 1696 1016 1771 eis

161 1813 302 1911 gratiam
342 1812 522 1887 contendit
559 1837 779 1911 summopere
819 1812 1014 1910 impetrare,
1032 1848 1062 1883 ιο

162 1955 368 2027 quamquam
388 1928 421 2002 id
448 1928 600 2027 quidem,
620 1945 656 2002 ut
673 1945 726 2002 est
745 1927 915 2026 ingenium
942 1927 1014 2017 viri,

165 2044 266 2118 facile
279 2044 436 2133 obtinuit,
453 2060 488 2118 ut
506 2044 534 2118 si
552 2043 644 2118 diem
663 2069 757 2118 suam
779 2043 903 2130 obiret,
922 2045 1015 2118 nullo

163 2159 288 2233 amictu
308 2184 436 2258 corpus
453 2161 615 2258 sepulcro
637 2159 858 2233 condendum
869 2159 1016 2233 circum-

163 2273 301 2348 daretur
318 2274 380 2348 ritu
400 2274 538 2348 fratrum
557 2275 646 2349 tertii
665 2274 804 2365 ordinis,
816 2300 918 2374 quem
934 2275 1016 2348 bea-

162 2389 309 2464 tissimus
318 2390 564 2488 etgloriosusF
567 2391 740 2465 ranciscus
751 2388 1016 2490 instituitQuod
1032 2426 1057 2475 ις

162 2505 189 2579 si
203 2522 412 2603 superesset,
427 2531 489 2604 per
501 2532 605 2580 omne
618 2532 690 2580 suae
703 2507 783 2581 vitre
801 2523 936 2604 tempus
952 2505 1016 2579 sub

162 2619 289 2693 eodem
307 2621 433 2695 amictu
448 2620 602 2695 eiusdem
621 2621 750 2696 ordinis
775 2623 926 2720 regulam
952 2621 1016 2695 ob-

163 2761 300 2809 servare
319 2736 573 2834 promittebant.
602 2740 687 2838 Qua
702 2763 747 2810 ex
769 2762 807 2811 re
834 2735 1016 2835 percipere

164 2851 275 2948 possis
297 2852 528 2926 beatissimum
548 2869 678 2950 patrem
707 2852 927 2927 Franciscum
953 2850 1016 2924 de·

162 2983 263 3039 votos
280 2966 344 3040 sibi
359 2967 515 3041 homines
528 2993 711 3067 numquam
725 2967 897 3041 deserere.
913 2969 1016 3040 Hanc
1031 3004 1062 3040 ιο

163 3081 254 3153 enim
279 3081 365 3155 illius
390 3107 583 3180 supremam
610 3084 819 3157 voluntatem
846 3080 1015 3156 eiusmodi

164 3221 243 3269 esse
261 3195 416 3285 dixerim,
441 3215 476 3271 ut
500 3198 653 3296 glorioso
678 3198 883 3296 suffragante
909 3199 937 3270 F
941 3222 1016 3270 ran·

164 3311 261 3385 cisco
279 3311 323 3385 ad
341 3312 495 3386 caelestia
510 3312 636 3411 gaudia
653 3313 726 3388 sine
741 3315 808 3387 ulla
821 3312 1016 3411 interpella·

211 3575 246 3639 (¹)
263 3589 313 3625 ⁰⁰⁰
326 3588 372 3625 Μ·
391 3576 421 3626 C
456 3575 506 3641 (¹⁴)
521 3577 608 3641 quem]
625 3578 697 3641 quod
714 3578 744 3627 C
