2820 4680
657 631 713 694 397

260 784 293 857 in
311 809 354 859 ea
367 783 505 882 quidam
532 784 722 882 coniugalis
748 782 860 882 pudor
884 802 990 881 atque
1015 781 1112 859 fides.

259 900 530 998 Diligentissima
556 925 699 999 quoque
729 917 803 975 erat
833 900 945 974 omnis
975 899 1114 974 honoris

257 1033 293 1090 et
310 1015 448 1091 decoris
474 1034 541 1090 tam
561 1016 669 1091 mariti
688 1041 789 1114 quam
817 1016 920 1090 etiam
944 1017 1006 1105 sui,
1025 1033 1061 1088 et
1080 1015 1114 1089 id

257 1158 326 1207 non
353 1133 462 1206 minus
487 1157 589 1230 quam
617 1131 754 1205 AEmilia
781 1131 880 1205 tertia
905 1130 1112 1229 supradicta,

256 1247 441 1346 superioris
453 1247 614 1321 Allricani
629 1273 724 1337 uxor,
739 1247 794 1321 cui
813 1272 882 1320 non
895 1248 1004 1320 solum
1019 1245 1113 1321 domi
1146 1276 1155 1325 r

257 1362 378 1453 mariti,
405 1361 467 1437 sed
495 1362 596 1436 etiam
625 1362 753 1460 ubique
781 1362 927 1435 maxima
957 1362 1002 1434 illi
1032 1386 1114 1436 cura

256 1478 318 1552 suit
344 1477 440 1576 pacis
465 1494 501 1552 et
526 1477 716 1575 coniugalis
746 1476 947 1552 concordiae
976 1478 1112 1568 amoris,

256 1609 292 1668 ut
310 1593 539 1667 monumentis
555 1592 817 1667 clarissimomm
838 1592 1049 1689 ingeniorum
1068 1591 1112 1667 ad

256 1734 319 1782 nos
354 1733 462 1807 usque
488 1733 644 1783 manasse
670 1709 849 1782 cernimus.
886 1708 988 1782 Tanti
1016 1708 1114 1805 igitur

256 1825 420 1897 momenti
450 1824 524 1899 eius
553 1823 764 1898 auctoritatis
793 1840 829 1897 et
854 1823 1113 1898 existimationis
1127 1855 1157 1891 ιο

256 1957 328 2013 erat
354 1940 470 2012 habita
496 1942 573 2012 haec
591 1955 745 2012 matrona
767 1938 905 2036 insignis
923 1938 1109 2013 Genebria.

255 2057 290 2127 ln
300 2054 456 2129 subditos
465 2055 554 2128 enim
565 2080 645 2128 suos
654 2079 784 2129 summa
798 2056 982 2152 praestabat
995 2057 1113 2128 huma-

257 2170 361 2243 nitate
374 2188 410 2243 et
425 2169 554 2244 iccirco
572 2169 749 2267 plurimum
764 2171 953 2260 letabatur,
972 2168 1111 2267 quando

256 2308 374 2357 eorum
394 2301 512 2382 posset
530 2285 730 2382 extinguere
752 2284 954 2368 discordias,
972 2285 999 2357 si
1023 2285 1111 2358 lorte

257 2399 343 2472 inter
370 2399 445 2474 illos
470 2399 656 2497 aliquando
683 2400 823 2473 luissent
849 2418 990 2473 exortae.
1022 2400 1153 2485 Vin-15

256 2515 349 2588 tabat
382 2532 534 2614 aegrotos
567 2541 645 2590 cum
681 2516 808 2613 ingenti
851 2515 965 2590 studio
1006 2532 1110 2614 atque

256 2654 385 2720 amore,
406 2656 494 2729 quos
511 2633 623 2721 rebus,
639 2648 708 2705 tum
722 2632 824 2705 etiam
839 2632 952 2705 verbis
965 2631 1112 2705 dulciter

257 2747 507 2820 consolabatur.
541 2750 624 2821 l=loc
650 2764 685 2821 et
712 2747 856 2845 amplius
878 2747 910 2819 in
928 2771 971 2820 ea
989 2747 1110 2820 miran-

256 2859 335 2934 dum
347 2862 575 2958 luit‚quiaubi
586 2863 672 2938 ratio
685 2863 1110 2960 velnecessitasexpostu·

256 2977 357 3066 labat,
378 2977 588 3068 familiarem,
607 2981 798 3067 humanam,
814 2977 949 3051 lacilem
968 2994 1004 3051 et
1019 2979 1107 3076 piam
1124 3016 1155 3051 ιο

254 3117 333 3166 sese
358 3093 553 3167 exhibebat.
581 3096 669 3168 Tam
696 3110 769 3168 erat
787 3094 819 3166 in
836 3119 917 3168 suos
935 3119 1109 3192 propenso

255 3208 380 3298 studio,
409 3227 444 3283 ut
469 3226 505 3283 et
530 3211 673 3307 aequalis
698 3227 734 3284 et
760 3235 858 3285 soror
883 3235 964 3284 vere
990 3227 1109 3308 posset

255 3324 431 3422 appellari,
445 3349 514 3397 non
529 3350 609 3422 quae
621 3342 740 3423 posset
752 3325 803 3399 eis
812 3325 990 3423 imperare.
1005 3328 1108 3424 Saepe

256 3440 357 3513 etiam
373 3441 441 3514 hoc
454 3442 593 3515 verbum
609 3441 653 3514 illi
672 3443 911 3539 usurpabatur:
928 3442 1108 3540 Sapientes

255 3553 346 3629 viros
370 3555 613 3656 sapientesque
639 3555 783 3631 seminas
807 3557 898 3655 apud
925 3555 1109 3632 multitudi-
1123 3594 1149 3644 ις
