2820 4680
524 591 592 664 2229

129 779 232 830 scens
249 781 392 854 serpens
410 756 467 830 ille
484 755 627 831 callidus
644 756 773 831 initium
788 755 984 832 tentationis

129 871 274 968 sumpsit
290 896 310 945 a
329 872 484 961 soemina,
495 871 585 945 idem
605 873 637 945 in
656 872 729 969 viro
743 890 886 971 propter
898 898 984 947 con·

129 988 285 1060 stantiam
303 1012 342 1062 se
359 989 496 1086 assequi
515 1014 585 1063 non
603 1014 708 1087 posse
725 989 860 1064 veritus.
884 992 984 1064 Stans

129 1126 248 1176 coram
266 1103 410 1178 soemina
428 1105 535 1178 hostis
552 1105 712 1202 antiquus
725 1131 795 1178 non
813 1121 866 1179 est
882 1129 984 1179 ausus

128 1218 162 1291 in
189 1221 295 1293 verba
320 1245 545 1318 prorumpere
571 1220 812 1319 persuasionis,
838 1221 901 1296 sed
919 1223 983 1297 sub
1016 1247 1025 1298 ε

129 1333 398 1434 interrogatione
422 1361 499 1411 eam
525 1336 726 1433 alloquitur:
747 1338 816 1410 Cur
823 1337 986 1436 praecepit

128 1450 220 1523 uobis
241 1451 333 1544 deus,
355 1477 396 1524 ne
412 1451 620 1526 comederetur
645 1451 687 1525 de
711 1451 796 1550 lagno
808 1451 962 1551 paradisi
967 1453 983 1524 ,2

128 1566 262 1641 Atilia:
294 1569 351 1640 Ne
370 1563 465 1667 forie
493 1567 673 1641 moriamur.
706 1566 837 1642 Videns
867 1584 981 1641 autem

128 1680 286 1756 diabolus
311 1707 387 1757 eam
414 1682 459 1757 de
485 1683 599 1758 verbis
620 1682 750 1757 domini
767 1681 981 1757 dubitantem

128 1797 254 1894 inquit:
282 1800 503 1896 Nequaquam
520 1797 707 1889 moriemini,
727 1797 789 1871 sed
802 1797 887 1870 eritis
902 1796 985 1871 sicud
998 1825 1028 1860 10

127 1912 184 2004 dii,
204 1912 340 1986 scr'entes
357 1914 475 1987 bortum
488 1913 660 1987 etmaium.
681 1914 798 1987 Maior
811 1930 981 2012 praeterea

127 2046 271 2127 apparet
297 2029 330 2102 in
355 2028 433 2103 Ada
458 2029 625 2127 praecepti
644 2045 883 2127 contemptus;
902 2054 979 2104 nam

128 2145 279 2218 Genesis
297 2144 408 2242 primo
425 2144 559 2218 videtur
575 2143 734 2218 dominus
751 2144 839 2218 ndae
856 2160 893 2217 et
910 2170 980 2218 non

129 2260 210 2332 Evae
228 2261 449 2358 praecepisse,
467 2285 547 2334 cum
565 2259 667 2333 dicit:
685 2259 773 2334 Tulit
786 2284 860 2358 ergo
877 2259 980 2333 dami-

127 2399 188 2447 nus
203 2374 284 2448 deus
304 2375 462 2449 imminem
487 2385 519 2450 et
528 2375 641 2475 posuit
660 2375 748 2449 dium
770 2375 802 2449 in
821 2374 980 2474 paradiso
996 2401 1022 2453 ¹5

126 2491 309 2591 voluptatis,
343 2500 377 2564 ut
399 2499 587 2592 operaretur
620 2500 652 2565 et
683 2490 853 2565 custodiret
877 2490 975 2583 uum,

126 2614 157 2679 et
166 2606 328 2705 praecepit
342 2606 384 2699 ei,
405 2633 473 2681 non
491 2607 564 2685 eir:
579 2632 623 2680 ex
635 2606 818 2706 omnr'tiguo
830 2606 974 2699 comede,

126 2738 163 2794 et
179 2747 248 2796 non
266 2721 433 2815 comedite,
455 2722 486 2795 in
507 2746 698 2822 quocunque
717 2721 871 2817 enim-die
890 2746 978 2795 com·

173 3005 208 3069 (ό)
234 3005 373 3067 alloquitur
400 3004 477 3068 (Gen.
507 3006 549 3053 tu.
581 3003 628 3066 r):
656 3004 711 3054 Cur
736 3017 756 3053 e.
801 3003 920 3065 precepit
946 3005 975 3053 Ε

128 3088 161 3148 (7.
179 3086 204 3149 8)
222 3089 296 3136 Deus
313 3099 345 3135 ne
362 3098 428 3135 com.
448 3085 482 3135 de
499 3085 567 3134 omni
583 3086 599 3134 Ι.
618 3086 711 3147 mint
728 3085 770 3133 itta
786 3084 819 3148 (v.
840 3082 879 3146 3):
897 3085 938 3133 Ne
954 3096 974 3134 e.

126 3167 176 3230 (ιο)
200 3167 280 3229 inquit
303 3167 336 3229 (v.
361 3181 384 3226 4.
412 3164 450 3230 ς);
476 3167 647 3227 Nequaquam
670 3172 752 3214 morte
776 3164 933 3213 moriemini:
950 3171 976 3214 et

126 3248 197 3295 eritis
213 3260 233 3296 e.
268 3246 318 3310 (η)
336 3247 403 3298 Gen.
423 3245 541 3296 secundo
557 3247 591 3309 (v.
605 3258 630 3309 15
649 3253 676 3294 et
692 3243 761 3307 seq.)
777 3258 797 3294 e.
831 3243 881 3308 (ις)
898 3245 976 3307 ilium]

125 3340 184 3376 eum
200 3339 220 3376 e.
255 3326 305 3391 (ιό)
329 3327 414 3376 iilum:
439 3333 465 3376 et
492 3325 618 3389 praecepit
634 3325 668 3386 ei,
687 3338 736 3373 non
753 3325 800 3384 eia,
818 3324 923 3374 dicens:
940 3325 977 3373 Ex
1036 3351 1041 3359 ι

125 3407 192 3457 omni
209 3409 225 3456 l.
243 3406 355 3470 paradisi
371 3405 489 3465 comede,
508 3404 751 3466 etnoneomedite;
766 3404 879 3469 deiigno
889 3411 987 3470 autem,

123 3488 239 3537 edentia
261 3486 323 3536 boni
345 3493 372 3535 et
394 3486 452 3535 maii
476 3498 508 3534 ne
531 3483 671 3545 comedam
693 3484 717 3532 in
740 3496 818 3546 quoe.
847 3483 915 3533 enim
931 3483 974 3533 dte

125 3580 191 3617 eom.
209 3566 244 3616 de
261 3580 296 3616 eo
311 3580 344 3615 m.
363 3565 481 3614 morieris
496 3577 516 3625 e,
534 3565 601 3614 mete.
