2820 4680
650 590 705 657 453

255 745 334 817 mihi
369 744 527 818 venitin
564 762 725 835 mentem,
761 770 834 844 prae
868 745 973 821 nimio
1006 746 1108 821 animi

255 872 407 935 moerore
424 876 460 933 et
478 860 635 958 corporis
657 861 814 937 molestia
840 861 952 936 omnis
973 862 1109 960 penitus

253 1000 379 1074 expers
396 975 529 1050 consilii
558 1001 660 1074 paene
677 977 787 1078 emori
805 976 935 1051 videor.
962 981 1108 1051 Verum·

254 1108 380 1182 tamen,
397 1092 425 1167 si
444 1117 512 1191 qua
529 1093 656 1191 exigua
673 1093 719 1167 de
737 1110 772 1167 te
790 1093 871 1166 milri
889 1118 970 1192 spes
990 1095 1108 1169 oblata

254 1206 505 1297 ostenderetur,
525 1208 560 1282 id
577 1226 630 1282 est
647 1208 675 1282 si
698 1208 869 1299 celeriter,
898 1209 943 1283 uti
970 1234 1109 1308 semper
1140 1239 1149 1287 s

254 1323 461 1422 praedicasti,
476 1340 512 1397 te
525 1323 569 1398 ad
583 1349 639 1398 me
657 1323 842 1398 rediturum
861 1341 1026 1423 putarem,
1041 1325 1108 1399 ler-

255 1464 326 1512 rem
344 1439 534 1514 discessum
553 1456 646 1513 tuum
666 1464 733 1512 non
752 1439 871 1538 iniquo
893 1439 1018 1531 animo,
1044 1439 1108 1514 sed

254 1553 424 1650 patienter
440 1571 476 1628 et
494 1554 652 1652 benigne.
684 1552 862 1628 Caeterum
889 1579 1108 1654 summopere

253 1693 387 1759 vereor,
406 1695 449 1743 ne
467 1670 559 1743 omni
578 1695 641 1768 spe
658 1669 792 1744 sublata
818 1669 947 1744 reditus
972 1670 1019 1743 tui
1046 1670 1106 1743 tibi
1127 1653 1134 1660 ⁵

254 1784 471 1883 contingeret
497 1783 789 1883 quemadmodum
824 1785 952 1859 volanti
992 1785 1107 1860 avicu·
1124 1815 1153 1850 ιο

254 1900 309 1991 lae,
344 1925 424 1999 quae
458 1926 666 2000 quamquam
703 1901 889 1975 tractabilis
928 1925 970 1975 ac
1013 1927 1107 1976 man-

254 2032 352 2088 sueta
368 2016 472 2113 longa
493 2015 743 2090 exercitatione
765 2032 801 2088 et
820 2040 879 2089 usu
898 2040 941 2089 ac
958 2039 1107 2090 consue-

254 2130 371 2205 tudine
409 2156 488 2207 esse
521 2133 629 2221 solet,
665 2149 778 2206 tamen
817 2131 873 2205 ubi
908 2132 1016 2206 libere
1049 2157 1107 2206 va·

253 2245 369 2344 gando
387 2247 455 2321 huc
467 2263 573 2346 atque
588 2247 667 2320 illuc
676 2272 740 2345 per
752 2271 832 2321 aera
841 2248 944 2334 volat,
958 2248 1012 2321 vel
1030 2272 1107 2322 raro

254 2363 307 2435 vel
335 2387 529 2460 numquam,
557 2379 593 2436 ut
619 2363 730 2460 probe
760 2362 860 2452 nosti,
887 2361 1107 2437 descendens
1123 2392 1148 2440 ις

255 2476 287 2549 in
306 2494 429 2551 terram
448 2476 492 2551 ad
511 2476 577 2551 ima
599 2476 785 2551 revertitur.
805 2476 881 2551 Scis
898 2477 988 2550 enim
1011 2503 1107 2551 amo-

254 2616 338 2683 rem,
358 2591 404 2666 uti
432 2575 626 2689 ingeniosus
653 2591 762 2690 inquit
788 2608 904 2691 poeta,
930 2616 1008 2665 esse
1034 2616 1105 2665 rem

255 2708 390 2804 plenam
408 2707 544 2781 solliciti
563 2707 702 2782 timoris.
737 2709 865 2807 Neque
883 2704 1107 2781 credas-haec

255 2839 290 2895 et
308 2821 500 2896 huiusmodi
519 2848 574 2896 me
592 2822 636 2897 ad
654 2839 689 2897 te
706 2822 862 2899 simulata
882 2839 998 2895 mente
1023 2822 1107 2895 scri-

256 2939 351 3029 bere,
377 2937 504 3013 sedita
532 2938 667 3013 sincere
684 2956 790 3037 atque
807 2963 850 3012 ex
876 2937 986 3012 corde
1011 2937 1105 3028 dico,
1122 2971 1152 3006 20

255 3053 398 3153 perinde
424 3078 465 3128 ac
491 3051 658 3129 hodierna
682 3053 740 3128 die
765 3053 910 3153 genibus
935 3052 1031 3128 flexis
1061 3051 1107 3126 de

256 3194 352 3244 more
364 3194 465 3244 sacro
474 3169 612 3244 antistiti
626 3187 739 3244 reatus
753 3194 850 3242 meos
859 3187 964 3266 atque
978 3167 1105 3242 delicta

255 3285 456 3360 confitendo
482 3286 609 3385 aperui.
639 3287 745 3358 Nullo
772 3309 876 3383 porro
903 3283 1021 3358 maiori
1039 3282 1106 3356 cri-

301 3469 448 3535 (1)me
482 3466 663 3534 lalenorte
698 3468 880 3535 (rrJatqueC
915 3466 1102 3530 (ulliberac

254 3551 305 3613 (ιι)
321 3549 431 3611 proinde
449 3551 496 3599 hac
513 3550 542 3599 C
