2820 4680
663 550 698 613 37

254 726 298 775 ex
324 700 532 777 doctissimis
557 702 654 777 labiis
670 703 864 778 emanantia
888 704 1015 795 animo,
1034 729 1105 801 quo

256 817 336 890 nihil
366 816 453 892 deus
482 833 519 891 et
545 834 663 891 natura
688 818 785 892 dedit
809 818 890 892 mihi
916 836 952 893 et
980 820 1106 893 ceteris

255 932 488 1030 praestantius,
530 934 719 1031 gratissima
760 952 856 1025 sunt,
899 951 935 1008 et
976 952 1106 1033 quanto

256 1073 319 1122 nos
354 1048 460 1146 magis
494 1048 650 1123 detinent
682 1049 808 1148 saepius
834 1048 1002 1125 audiendi
1037 1051 1107 1125 avi-

255 1163 362 1237 ditate
392 1163 598 1239 accendunt.
635 1167 678 1238 Et
710 1183 807 1238 recte
841 1165 993 1263 quidem,
1029 1190 1105 1240 nam
1140 1198 1149 1248 t

257 1304 312 1353 me
320 1280 364 1354 ad
375 1282 465 1354 bene
480 1283 653 1380 beateque
667 1281 849 1355 vivendum
863 1281 1106 1356 studiosiorem

257 1395 405 1470 reddunt
430 1414 466 1470 et
492 1396 648 1495 ignavum
675 1422 850 1495 quemque
881 1397 1105 1495 impellerent.

259 1512 442 1586 Neminem
470 1513 665 1611 religiosum
695 1513 754 1585 tibi
781 1529 969 1610 antepono,
996 1512 1108 1610 philo·

256 1629 387 1725 sophos
425 1644 625 1717 contemno,
660 1653 738 1702 cum
774 1627 939 1701 memoria
973 1644 1107 1725 repeto,

258 1742 339 1840 quid
357 1742 403 1817 de
419 1743 594 1842 religione,
610 1741 693 1843 quid
710 1741 756 1816 de
774 1741 964 1816 animorum
983 1742 1108 1816 inmor-
1125 1775 1154 1812 ιο

257 1858 397 1948 talitate‚
412 1858 495 1956 quid
509 1857 554 1932 de
568 1856 771 1956 aegritudine
785 1874 853 1947 tua,
868 1857 951 1954 quid
965 1857 1011 1931 de
1029 1857 1108 1931 vitae

258 1990 460 2071 contemptu
495 1973 633 2064 dixeris,
665 1971 806 2071 quando
848 1973 994 2071 optabas
1028 1996 1107 2045 cum

260 2090 370 2162 Paulo
396 2088 534 2163 dissolvi
560 2105 597 2162 et
622 2113 700 2163 esse
725 2113 805 2162 cum
831 2087 983 2162 Christo.
1013 2090 1108 2188 Quoe

258 2192 373 2277 omnia
403 2228 511 2302 usque
535 2202 580 2278 ad
610 2220 801 2277 extremum
832 2202 944 2276 noctis
974 2218 1109 2300 tempus

259 2336 430 2416 praesente
456 2319 645 2394 clarissimo
672 2319 777 2393 milite
796 2317 897 2391 fratre
921 2333 982 2391 tuo
999 2318 1108 2391 collo-
1126 2350 1151 2401 ις

259 2433 329 2507 cuti
355 2459 480 2509 sumus.
509 2438 608 2536 Quas
633 2435 682 2509 ob
708 2458 762 2507 res
787 2432 925 2507 crucior
950 2432 1107 2521 maxime,

259 2564 318 2622 aut
343 2549 542 2647 pontificem
568 2547 850 2647 promissionibus
875 2548 908 2621 in
926 2546 1033 2621 domo
1051 2564 1109 2620 tua

260 2663 358 2738 sactis
399 2682 458 2739 aut
490 2689 546 2738 me
580 2681 648 2738 tam
682 2679 865 2762 expectata
898 2661 1108 2737 iocunditate

260 2803 379 2855 carere
397 2798 572 2879 oportere,
591 2779 768 2878 potissime
786 2803 865 2853 cum
883 2795 917 2851 te
935 2777 1108 2851 liberalio-

260 2920 331 2969 rem
357 2895 621 2994 suavioremque
647 2895 791 2969 futuram
817 2893 971 2993 pollicita
996 2893 1041 2967 sis
1065 2917 1107 2967 ac
1123 2929 1154 2964 ιο

260 3011 437 3086 memoriae
462 3009 707 3100 mandaturam,
734 3007 817 3106 quid
842 3008 968 3082 sanctis
986 3007 1108 3082 diebus

260 3126 391 3217 audies,
417 3129 524 3224 leges,
546 3142 583 3200 et
599 3125 715 3199 omnia
731 3149 775 3199 ex
793 3124 915 3199 ordine
927 3123 1107 3214 dicturam,

260 3242 288 3317 si
311 3242 355 3318 ad
373 3259 408 3317 te
425 3241 635 3317 redierimus.
655 3243 773 3317 Grave
790 3257 843 3316 est
857 3240 959 3314 fidem
979 3239 1107 3329 fallere,

306 3508 340 3572 (ι)
356 3514 460 3557 ceteros
474 3505 505 3556 G
537 3504 588 3570 (1⁶)
604 3504 760 3556 iocunditate
776 3504 829 3569 c.-
