2820 4680
312 929 374 1000 10.
403 930 540 1000 MARll
565 929 828 1002 PHILELPHI
853 931 1098 1006 ISOTTAEUS

637 1099 786 1172 LIBER.

282 1494 382 1568 Clara
400 1494 606 1594 Lanravegia
625 1494 735 1568 Mario
752 1495 922 1594 Ptitetpto
940 1501 1051 1572 Poetoe
1063 1499 1130 1574 sat.

321 1926 411 1988 Clare
425 1945 497 2007 rogo
514 1926 653 2000 Marium,
673 1925 810 2007 precibus
824 1928 847 1988 si
861 1927 981 1989 flectere
995 1930 1113 2011 possim,

281 2025 367 2104 Quas
378 2025 501 2084 reserant
515 2025 627 2105 paucis;
639 2044 703 2086 sum
715 2043 843 2105 namque
854 2044 890 2086 es
899 2025 997 2100 Clara,
1012 2028 1132 2089 meritus

280 2122 340 2183 Cui
355 2122 392 2182 ab
405 2123 601 2184 Alexandrina
617 2123 796 2203 Lanzavegia
809 2134 897 2203 gente

284 2222 337 2281 Est
349 2221 482 2294 lacobus,
498 2233 528 2282 et
539 2220 595 2281 hoc
610 2220 691 2300 quod
707 2221 832 2301 postulo,
851 2220 972 2281 soemins
987 2223 1126 2301 quemvis,

254 2341 263 2392 ς
282 2317 427 2380 Foeminei
442 2320 479 2380 mi
494 2337 597 2380 caussa
612 2318 680 2379 boni
695 2330 748 2379 est.
770 2317 947 2380 Mulieribus
960 2337 1063 2380 omnes

280 2416 448 2478 Detraxere
462 2417 512 2477 viri
527 2414 638 2490 laudes,
656 2415 757 2477 dixere
772 2415 917 2477 cavendas

282 2515 356 2575 Esse
370 2514 430 2576 iilns
444 2513 623 2593 stolide-sque
638 2513 721 2575 nimis
737 2512 866 2594 nullique
880 2513 990 2599 dientes

278 2612 396 2687 Virtuti;
410 2623 440 2672 at
453 2623 563 2692 quanta
577 2611 625 2673 hic
638 2611 675 2672 sit
688 2610 744 2672 sub
757 2610 879 2672 muliere
893 2612 1010 2673 volente

279 2708 392 2789 ingenii
405 2710 455 2783 vis,
473 2719 601 2789 quantus
615 2708 718 2782 honos,
736 2723 806 2789 quae
819 2708 911 2791 gratis
924 2708 1041 2789 linguae,

326 2931 346 2979 E
370 2931 463 2981 codice
481 2932 649 2981 Bibliothecae
664 2933 690 2980 S.
709 2930 843 2980 Micnseiis
859 2929 1023 2979 venetiarum
1044 2941 1130 2992 prope

279 3011 422 3062 Murienum
437 3011 482 3075 (C)
497 3011 577 3060 edidit
596 3013 632 3061 io.
644 3008 775 3060 Benedict.
796 3010 925 3059 Mittereili
945 3010 968 3058 in
985 3009 1128 3058 «Memorie

277 3105 326 3155 per
341 3092 439 3141 servire
453 3092 493 3140 sii’
508 3092 596 3142 istoria
612 3091 754 3141 lettersrier
773 3090 896 3153 (venezia
913 3100 981 3153 1755.
994 3089 1070 3139 Ton.
1083 3089 1126 3137 vt.

278 3174 355 3222 Parte
366 3174 389 3232 ό,
403 3186 428 3234 ρ.
442 3183 542 3235 4ι-ς7.
553 3173 628 3222 Tom.
642 3173 697 3220 vtt.
724 3172 801 3219 Pane
820 3183 841 3230 1,
857 3184 883 3232 p.
904 3168 1013 3231 17-22).
1050 3167 1128 3218 Unde

277 3252 388 3316 benigne
414 3252 592 3302 intercedente
610 3252 706 3301 Cereio
728 3251 839 3300 Schrsui
858 3250 974 3299 officiose
991 3249 1129 3313 descripsit

277 3334 307 3381 V.
327 3334 409 3394 iderti,
428 3333 597 3382 Bibliothecae
609 3332 739 3380 cnewee
748 3330 955 3380 vindobonensis
966 3336 1055 3379 eustos
1065 3328 1128 3379 doe·

276 3413 394 3462 tissimus.
414 3413 479 3462 Cum
495 3412 588 3462 codiee
606 3412 775 3461 Bibliotheca
791 3410 901 3473 Capituli
919 3408 1076 3459 Veronensis
1088 3423 1125 3459 nr.

276 3493 411 3543 cetxttt
425 3492 471 3557 (V)
482 3492 668 3543 conserendum
684 3491 782 3541 curavit
798 3491 893 3539 Petrus
908 3487 1052 3552 Sgulmero.

320 3572 355 3636 (2)
372 3573 433 3634 Que
448 3574 476 3621 V.
511 3573 545 3637 (6)
559 3571 648 3622 dixere
665 3571 709 3633 qui
724 3583 786 3620 unes
801 3571 829 3618 V.
863 3567 899 3634 (9)
913 3576 1075 3631 quentusque
1096 3567 1124 3617 V.
