<?xml version="1.0" encoding="UTF-8"?>
<!DOCTYPE html PUBLIC "-//W3C//DTD XHTML 1.0 Transitional//EN"
    "http://www.w3.org/TR/xhtml1/DTD/xhtml1-transitional.dtd">
<html xmlns="http://www.w3.org/1999/xhtml" xml:lang="en" lang="en">
 <head>
  <title>
</title>
<meta http-equiv="Content-Type" content="text/html;charset=utf-8" />
  <meta name='ocr-system' content='tesseract 3.04.00' />
  <meta name='ocr-capabilities' content='ocr_page ocr_carea ocr_par ocr_line ocrx_word'/>
</head>
<body>
  <div class='ocr_page' id='page_1' title='image "./isotnogarolvero01nogagoog/isotnogarolvero01nogagoog_0224.png"; bbox 0 0 2814 5116; ppageno 0'>
   <div class='ocr_carea' id='block_1_1' title="bbox 678 982 731 1043">
    <p class='ocr_par' dir='ltr' id='par_1_1' title="bbox 678 982 731 1043">
     <span class='ocr_line' id='line_1_1' title="bbox 678 982 731 1043; baseline 0 -19"><span class='ocrx_word' id='word_1_1' title='bbox 678 982 731 1043; x_wconf 76' lang='lat'>2¹3</span> 
     </span>
    </p>
   </div>
   <div class='ocr_carea' id='block_1_2' title="bbox 254 1135 1230 3633">
    <p class='ocr_par' dir='ltr' id='par_1_2' title="bbox 269 1135 1230 1807">
     <span class='ocr_line' id='line_1_2' title="bbox 274 1135 1127 1238; baseline 0.009 -31"><span class='ocrx_word' id='word_1_2' title='bbox 274 1135 416 1208; x_wconf 81' lang='lat' dir='ltr'>decreta</span> <span class='ocrx_word' id='word_1_3' title='bbox 433 1152 626 1208; x_wconf 87' lang='lat' dir='ltr'>sanxerunt.</span> <span class='ocrx_word' id='word_1_4' title='bbox 661 1138 740 1208; x_wconf 91' lang='lat' dir='ltr'>Nec</span> <span class='ocrx_word' id='word_1_5' title='bbox 763 1139 921 1212; x_wconf 84' lang='lat' dir='ltr'>humanae</span> <span class='ocrx_word' id='word_1_6' title='bbox 938 1140 1034 1238; x_wconf 85' lang='lat' dir='ltr'>leges</span> <span class='ocrx_word' id='word_1_7' title='bbox 1052 1140 1127 1215; x_wconf 90' lang='lat' dir='ltr'>diu·</span> 
     </span>
     <span class='ocr_line' id='line_1_3' title="bbox 273 1250 1126 1355; baseline 0.011 -34"><span class='ocrx_word' id='word_1_8' title='bbox 273 1250 400 1323; x_wconf 85' lang='lat' dir='ltr'>tissime</span> <span class='ocrx_word' id='word_1_9' title='bbox 422 1251 684 1323; x_wconf 85' lang='lat' dir='ltr'>clarissimorum</span> <span class='ocrx_word' id='word_1_10' title='bbox 702 1251 849 1324; x_wconf 88' lang='lat' dir='ltr'>virorum</span> <span class='ocrx_word' id='word_1_11' title='bbox 869 1253 1012 1352; x_wconf 82' lang='lat' dir='ltr'>ingeniis</span> <span class='ocrx_word' id='word_1_12' title='bbox 1029 1256 1126 1355; x_wconf 84' lang='lat' dir='ltr'>dige-</span> 
     </span>
     <span class='ocr_line' id='line_1_4' title="bbox 271 1366 1125 1467; baseline 0.009 -29"><span class='ocrx_word' id='word_1_13' title='bbox 271 1382 334 1439; x_wconf 85' lang='lat' dir='ltr'>stae</span> <span class='ocrx_word' id='word_1_14' title='bbox 368 1366 442 1438; x_wconf 88' lang='lat' dir='ltr'>sinc</span> <span class='ocrx_word' id='word_1_15' title='bbox 476 1382 571 1438; x_wconf 86' lang='lat' dir='ltr'>certa</span> <span class='ocrx_word' id='word_1_16' title='bbox 602 1366 733 1438; x_wconf 83' lang='lat' dir='ltr'>ratione</span> <span class='ocrx_word' id='word_1_17' title='bbox 772 1366 997 1458; x_wconf 83' lang='lat' dir='ltr'>instituerunt,</span> <span class='ocrx_word' id='word_1_18' title='bbox 1028 1372 1125 1467; x_wconf 91' lang='lat' dir='ltr'>quod</span> 
     </span>
     <span class='ocr_line' id='line_1_5' title="bbox 270 1481 1123 1582; baseline 0.008 -30"><span class='ocrx_word' id='word_1_19' title='bbox 270 1481 392 1553; x_wconf 77' lang='lat' dir='ltr'>alienae</span> <span class='ocrx_word' id='word_1_20' title='bbox 435 1481 482 1553; x_wconf 89' lang='lat' dir='ltr'>rei</span> <span class='ocrx_word' id='word_1_21' title='bbox 518 1481 747 1553; x_wconf 82' lang='lat' dir='ltr'>contractatio</span> <span class='ocrx_word' id='word_1_22' title='bbox 780 1500 911 1577; x_wconf 83' lang='lat' dir='ltr'>quanto</span> <span class='ocrx_word' id='word_1_23' title='bbox 946 1485 1052 1582; x_wconf 83' lang='lat' dir='ltr'>magis</span> <span class='ocrx_word' id='word_1_24' title='bbox 1087 1488 1123 1559; x_wconf 79' lang='lat' dir='ltr'>fit</span> 
     </span>
     <span class='ocr_line' id='line_1_6' title="bbox 269 1595 1230 1697; baseline 0.008 -29"><span class='ocrx_word' id='word_1_25' title='bbox 269 1613 391 1668; x_wconf 83' lang='lat' dir='ltr'>contra</span> <span class='ocrx_word' id='word_1_26' title='bbox 412 1595 539 1668; x_wconf 87' lang='lat' dir='ltr'>domini</span> <span class='ocrx_word' id='word_1_27' title='bbox 559 1597 780 1685; x_wconf 80' lang='lat' dir='ltr'>voluntatem,</span> <span class='ocrx_word' id='word_1_28' title='bbox 808 1614 904 1671; x_wconf 84' lang='lat' dir='ltr'>tanto</span> <span class='ocrx_word' id='word_1_29' title='bbox 929 1600 1121 1697; x_wconf 83' lang='lat' dir='ltr'>graviorem</span> <span class='ocrx_word' id='word_1_30' title='bbox 1156 1633 1165 1682; x_wconf 76' lang='grc' dir='ltr'><strong>ς</strong></span> <span class='ocrx_word' id='word_1_31' title='bbox 1225 1620 1230 1641; x_wconf 87' lang='grc'><em>·</em></span> 
     </span>
     <span class='ocr_line' id='line_1_7' title="bbox 269 1715 625 1807; baseline -0.003 -23"><span class='ocrx_word' id='word_1_32' title='bbox 269 1735 410 1807; x_wconf 88' lang='lat' dir='ltr'>poenam</span> <span class='ocrx_word' id='word_1_33' title='bbox 430 1728 588 1785; x_wconf 82' lang='lat' dir='ltr'>meretur.</span> <span class='ocrx_word' id='word_1_34' title='bbox 615 1715 625 1728; x_wconf 84' lang='lat'><em>&#39;</em></span> 
     </span>
    </p>

    <p class='ocr_par' dir='ltr' id='par_1_3' title="bbox 254 1827 1164 3633">
     <span class='ocr_line' id='line_1_8' title="bbox 317 1827 1120 1929; baseline 0.009 -30"><span class='ocrx_word' id='word_1_35' title='bbox 317 1827 427 1927; x_wconf 87' lang='lat' dir='ltr'>Quod</span> <span class='ocrx_word' id='word_1_36' title='bbox 452 1827 573 1901; x_wconf 88' lang='lat' dir='ltr'>scribis</span> <span class='ocrx_word' id='word_1_37' title='bbox 599 1827 644 1900; x_wconf 96' lang='lat' dir='ltr'>de</span> <span class='ocrx_word' id='word_1_38' title='bbox 671 1829 906 1902; x_wconf 82' lang='lat' dir='ltr'>mandatorum</span> <span class='ocrx_word' id='word_1_39' title='bbox 934 1846 1120 1929; x_wconf 82' lang='lat' dir='ltr'>transgres-</span> 
     </span>
     <span class='ocr_line' id='line_1_9' title="bbox 266 1943 1119 2043; baseline 0.007 -27"><span class='ocrx_word' id='word_1_40' title='bbox 266 1943 363 2016; x_wconf 85' lang='lat' dir='ltr'>sione</span> <span class='ocrx_word' id='word_1_41' title='bbox 391 1946 494 2016; x_wconf 85' lang='lat' dir='ltr'>Evam</span> <span class='ocrx_word' id='word_1_42' title='bbox 522 1969 590 2015; x_wconf 91' lang='lat' dir='ltr'>non</span> <span class='ocrx_word' id='word_1_43' title='bbox 614 1943 745 2033; x_wconf 88' lang='lat' dir='ltr'>liberat,</span> <span class='ocrx_word' id='word_1_44' title='bbox 773 1970 852 2040; x_wconf 88' lang='lat' dir='ltr'>quae</span> <span class='ocrx_word' id='word_1_45' title='bbox 872 1970 938 2018; x_wconf 91' lang='lat' dir='ltr'>nec</span> <span class='ocrx_word' id='word_1_46' title='bbox 957 1946 1030 2043; x_wconf 91' lang='lat' dir='ltr'>ipsa</span> <span class='ocrx_word' id='word_1_47' title='bbox 1048 1972 1119 2022; x_wconf 88' lang='lat' dir='ltr'>ser-</span> 
     </span>
     <span class='ocr_line' id='line_1_10' title="bbox 264 2058 1117 2158; baseline 0.011 -31"><span class='ocrx_word' id='word_1_48' title='bbox 264 2058 362 2130; x_wconf 83' lang='lat' dir='ltr'>vavit.</span> <span class='ocrx_word' id='word_1_49' title='bbox 407 2062 443 2130; x_wconf 92' lang='lat' dir='ltr'>ln</span> <span class='ocrx_word' id='word_1_50' title='bbox 477 2083 549 2154; x_wconf 91' lang='lat' dir='ltr'>quo</span> <span class='ocrx_word' id='word_1_51' title='bbox 583 2074 698 2131; x_wconf 83' lang='lat' dir='ltr'>autem</span> <span class='ocrx_word' id='word_1_52' title='bbox 739 2058 894 2132; x_wconf 84' lang='lat' dir='ltr'>differant</span> <span class='ocrx_word' id='word_1_53' title='bbox 934 2078 1117 2158; x_wconf 88' lang='lat' dir='ltr'>peccatum</span> 
     </span>
     <span class='ocr_line' id='line_1_11' title="bbox 263 2173 1164 2272; baseline -0.001 -28"><span class='ocrx_word' id='word_1_54' title='bbox 263 2174 375 2271; x_wconf 87' lang='lat' dir='ltr'>angeli</span> <span class='ocrx_word' id='word_1_55' title='bbox 410 2191 445 2246; x_wconf 86' lang='lat' dir='ltr'>et</span> <span class='ocrx_word' id='word_1_56' title='bbox 479 2173 636 2263; x_wconf 88' lang='lat' dir='ltr'>hominis,</span> <span class='ocrx_word' id='word_1_57' title='bbox 671 2173 850 2248; x_wconf 88' lang='lat' dir='ltr'>latissimus</span> <span class='ocrx_word' id='word_1_58' title='bbox 884 2199 1026 2272; x_wconf 87' lang='lat' dir='ltr'>campus</span> <span class='ocrx_word' id='word_1_59' title='bbox 1065 2195 1164 2251; x_wconf 85' lang='lat' dir='ltr'>est10</span> 
     </span>
     <span class='ocr_line' id='line_1_12' title="bbox 263 2288 1116 2389; baseline 0.006 -28"><span class='ocrx_word' id='word_1_60' title='bbox 263 2304 298 2361; x_wconf 82' lang='lat' dir='ltr'>et</span> <span class='ocrx_word' id='word_1_61' title='bbox 327 2289 429 2361; x_wconf 82' lang='lat' dir='ltr'>veluti</span> <span class='ocrx_word' id='word_1_62' title='bbox 456 2307 516 2361; x_wconf 83' lang='lat' dir='ltr'>tuo</span> <span class='ocrx_word' id='word_1_63' title='bbox 534 2288 722 2361; x_wconf 86' lang='lat' dir='ltr'>clarissimo</span> <span class='ocrx_word' id='word_1_64' title='bbox 741 2289 879 2389; x_wconf 87' lang='lat' dir='ltr'>ingenio</span> <span class='ocrx_word' id='word_1_65' title='bbox 902 2289 1116 2388; x_wconf 86' lang='lat' dir='ltr'>dignissimus</span> 
     </span>
     <span class='ocr_line' id='line_1_13' title="bbox 263 2403 1115 2504; baseline 0.007 -30"><span class='ocrx_word' id='word_1_66' title='bbox 263 2403 370 2490; x_wconf 68' lang='lat' dir='ltr'>cibus</span> <span class='ocrx_word' id='word_1_67' title='bbox 398 2405 443 2477; x_wconf 86' lang='lat' dir='ltr'>ita</span> <span class='ocrx_word' id='word_1_68' title='bbox 469 2406 535 2477; x_wconf 91' lang='lat' dir='ltr'>hac</span> <span class='ocrx_word' id='word_1_69' title='bbox 562 2405 725 2502; x_wconf 88' lang='lat' dir='ltr'>temporis</span> <span class='ocrx_word' id='word_1_70' title='bbox 751 2405 906 2503; x_wconf 87' lang='lat' dir='ltr'>angustia</span> <span class='ocrx_word' id='word_1_71' title='bbox 924 2407 1027 2504; x_wconf 88' lang='lat' dir='ltr'>longe</span> <span class='ocrx_word' id='word_1_72' title='bbox 1044 2432 1115 2480; x_wconf 89' lang='lat' dir='ltr'>am-</span> 
     </span>
     <span class='ocr_line' id='line_1_14' title="bbox 262 2517 1114 2618; baseline 0.007 -29"><span class='ocrx_word' id='word_1_73' title='bbox 262 2519 359 2614; x_wconf 90' lang='lat' dir='ltr'>plior.</span> <span class='ocrx_word' id='word_1_74' title='bbox 405 2517 601 2618; x_wconf 84' lang='lat' dir='ltr'>Quomodo</span> <span class='ocrx_word' id='word_1_75' title='bbox 640 2536 754 2592; x_wconf 89' lang='lat' dir='ltr'>autem</span> <span class='ocrx_word' id='word_1_76' title='bbox 794 2520 914 2593; x_wconf 85' lang='lat' dir='ltr'>rationi</span> <span class='ocrx_word' id='word_1_77' title='bbox 953 2522 1114 2595; x_wconf 83' lang='lat' dir='ltr'>bonitatis</span> 
     </span>
     <span class='ocr_line' id='line_1_15' title="bbox 259 2634 1114 2711; baseline 0.005 -4"><span class='ocrx_word' id='word_1_78' title='bbox 259 2636 380 2707; x_wconf 88' lang='lat' dir='ltr'>summi</span> <span class='ocrx_word' id='word_1_79' title='bbox 414 2634 470 2708; x_wconf 92' lang='lat' dir='ltr'>dei</span> <span class='ocrx_word' id='word_1_80' title='bbox 504 2635 691 2707; x_wconf 90' lang='lat' dir='ltr'>convenire</span> <span class='ocrx_word' id='word_1_81' title='bbox 721 2634 846 2708; x_wconf 83' lang='lat' dir='ltr'>sentias</span> <span class='ocrx_word' id='word_1_82' title='bbox 872 2635 1001 2708; x_wconf 86' lang='lat' dir='ltr'>maiora</span> <span class='ocrx_word' id='word_1_83' title='bbox 1026 2640 1114 2711; x_wconf 88' lang='lat' dir='ltr'>mala</span> 
     </span>
     <span class='ocr_line' id='line_1_16' title="bbox 259 2750 1154 2847; baseline 0.001 -27"><span class='ocrx_word' id='word_1_84' title='bbox 259 2750 322 2824; x_wconf 90' lang='lat' dir='ltr'>illis</span> <span class='ocrx_word' id='word_1_85' title='bbox 356 2752 414 2847; x_wconf 92' lang='lat' dir='ltr'>qui</span> <span class='ocrx_word' id='word_1_86' title='bbox 450 2751 558 2823; x_wconf 87' lang='lat' dir='ltr'>minus</span> <span class='ocrx_word' id='word_1_87' title='bbox 589 2774 783 2847; x_wconf 83' lang='lat' dir='ltr'>peccavere</span> <span class='ocrx_word' id='word_1_88' title='bbox 812 2750 1014 2841; x_wconf 85' lang='lat' dir='ltr'>diffundere,</span> <span class='ocrx_word' id='word_1_89' title='bbox 1043 2778 1110 2826; x_wconf 93' lang='lat' dir='ltr'>non</span> <span class='ocrx_word' id='word_1_90' title='bbox 1129 2787 1154 2837; x_wconf 71' lang='grc' dir='ltr'>ις</span> 
     </span>
     <span class='ocr_line' id='line_1_17' title="bbox 261 2865 1111 2964; baseline 0.002 -26"><span class='ocrx_word' id='word_1_91' title='bbox 261 2868 350 2939; x_wconf 91' lang='lat' dir='ltr'>bene</span> <span class='ocrx_word' id='word_1_92' title='bbox 367 2866 540 2963; x_wconf 90' lang='lat' dir='ltr'>concipio.</span> <span class='ocrx_word' id='word_1_93' title='bbox 562 2906 606 2916; x_wconf 90' lang='lat'>—</span> <span class='ocrx_word' id='word_1_94' title='bbox 635 2865 785 2938; x_wconf 88' lang='lat' dir='ltr'>Nimium</span> <span class='ocrx_word' id='word_1_95' title='bbox 804 2865 938 2964; x_wconf 82' lang='lat' dir='ltr'>stringis</span> <span class='ocrx_word' id='word_1_96' title='bbox 955 2866 1111 2940; x_wconf 83' lang='lat' dir='ltr'>Aristoti·</span> 
     </span>
     <span class='ocr_line' id='line_1_18' title="bbox 258 2981 1109 3078; baseline 0.004 -27"><span class='ocrx_word' id='word_1_97' title='bbox 258 2981 297 3054; x_wconf 87' lang='lat' dir='ltr'>lis</span> <span class='ocrx_word' id='word_1_98' title='bbox 323 2981 517 3055; x_wconf 81' lang='lat' dir='ltr'>testimonia</span> <span class='ocrx_word' id='word_1_99' title='bbox 538 2981 582 3054; x_wconf 90' lang='lat' dir='ltr'>ad</span> <span class='ocrx_word' id='word_1_100' title='bbox 610 2981 734 3078; x_wconf 89' lang='lat' dir='ltr'>primas</span> <span class='ocrx_word' id='word_1_101' title='bbox 752 3005 884 3070; x_wconf 85' lang='lat' dir='ltr'>causas,</span> <span class='ocrx_word' id='word_1_102' title='bbox 904 3004 980 3053; x_wconf 86' lang='lat' dir='ltr'>nam</span> <span class='ocrx_word' id='word_1_103' title='bbox 998 2982 1109 3055; x_wconf 88' lang='lat' dir='ltr'>omnis</span> 
     </span>
     <span class='ocr_line' id='line_1_19' title="bbox 256 3095 1107 3193; baseline 0 -24"><span class='ocrx_word' id='word_1_104' title='bbox 256 3120 361 3169; x_wconf 87' lang='lat' dir='ltr'>causa</span> <span class='ocrx_word' id='word_1_105' title='bbox 378 3121 493 3169; x_wconf 85' lang='lat' dir='ltr'>causae</span> <span class='ocrx_word' id='word_1_106' title='bbox 511 3113 564 3168; x_wconf 81' lang='lat' dir='ltr'>est</span> <span class='ocrx_word' id='word_1_107' title='bbox 581 3120 685 3169; x_wconf 89' lang='lat' dir='ltr'>causa</span> <span class='ocrx_word' id='word_1_108' title='bbox 702 3097 842 3183; x_wconf 86' lang='lat' dir='ltr'>causati,</span> <span class='ocrx_word' id='word_1_109' title='bbox 861 3114 897 3169; x_wconf 88' lang='lat' dir='ltr'>et</span> <span class='ocrx_word' id='word_1_110' title='bbox 914 3095 994 3193; x_wconf 90' lang='lat' dir='ltr'>quia</span> <span class='ocrx_word' id='word_1_111' title='bbox 1012 3096 1107 3170; x_wconf 89' lang='lat' dir='ltr'>liberi</span> 
     </span>
     <span class='ocr_line' id='line_1_20' title="bbox 255 3211 1107 3308; baseline 0.001 -25"><span class='ocrx_word' id='word_1_112' title='bbox 255 3212 382 3284; x_wconf 82' lang='lat' dir='ltr'>arbitrii</span> <span class='ocrx_word' id='word_1_113' title='bbox 401 3212 462 3284; x_wconf 83' lang='lat' dir='ltr'>suit</span> <span class='ocrx_word' id='word_1_114' title='bbox 474 3211 595 3300; x_wconf 77' lang='lat' dir='ltr'>Adam,</span> <span class='ocrx_word' id='word_1_115' title='bbox 611 3236 679 3284; x_wconf 94' lang='lat' dir='ltr'>non</span> <span class='ocrx_word' id='word_1_116' title='bbox 694 3211 785 3284; x_wconf 85' lang='lat' dir='ltr'>sacio</span> <span class='ocrx_word' id='word_1_117' title='bbox 798 3212 907 3308; x_wconf 88' lang='lat' dir='ltr'>ipsum</span> <span class='ocrx_word' id='word_1_118' title='bbox 926 3211 1043 3285; x_wconf 85' lang='lat' dir='ltr'>delicti</span> <span class='ocrx_word' id='word_1_119' title='bbox 1058 3213 1107 3284; x_wconf 93' lang='lat' dir='ltr'>in-</span> 
     </span>
     <span class='ocr_line' id='line_1_21' title="bbox 256 3326 1152 3424; baseline -0.004 -26"><span class='ocrx_word' id='word_1_120' title='bbox 256 3353 403 3417; x_wconf 85' lang='lat' dir='ltr'>munem,</span> <span class='ocrx_word' id='word_1_121' title='bbox 421 3346 457 3400; x_wconf 82' lang='lat' dir='ltr'>et</span> <span class='ocrx_word' id='word_1_122' title='bbox 475 3327 556 3399; x_wconf 84' lang='lat' dir='ltr'>licet</span> <span class='ocrx_word' id='word_1_123' title='bbox 565 3326 675 3399; x_wconf 87' lang='lat' dir='ltr'>omnis</span> <span class='ocrx_word' id='word_1_124' title='bbox 688 3326 775 3400; x_wconf 80' lang='lat' dir='ltr'>ndae</span> <span class='ocrx_word' id='word_1_125' title='bbox 788 3329 890 3424; x_wconf 89' lang='lat' dir='ltr'>culpa</span> <span class='ocrx_word' id='word_1_126' title='bbox 903 3327 1051 3423; x_wconf 84' lang='lat' dir='ltr'>quadam</span> <span class='ocrx_word' id='word_1_127' title='bbox 1061 3353 1106 3401; x_wconf 86' lang='lat' dir='ltr'>ex</span> <span class='ocrx_word' id='word_1_128' title='bbox 1121 3360 1152 3394; x_wconf 71' lang='grc' dir='ltr'>ιο</span> 
     </span>
     <span class='ocr_line' id='line_1_22' title="bbox 254 3443 1105 3540; baseline 0 -24"><span class='ocrx_word' id='word_1_129' title='bbox 254 3461 350 3540; x_wconf 83' lang='lat' dir='ltr'>parte</span> <span class='ocrx_word' id='word_1_130' title='bbox 361 3446 441 3516; x_wconf 85' lang='lat' dir='ltr'>Evae</span> <span class='ocrx_word' id='word_1_131' title='bbox 452 3469 514 3540; x_wconf 86' lang='lat' dir='ltr'>per</span> <span class='ocrx_word' id='word_1_132' title='bbox 529 3467 583 3515; x_wconf 89' lang='lat' dir='ltr'>me</span> <span class='ocrx_word' id='word_1_133' title='bbox 596 3443 744 3540; x_wconf 86' lang='lat' dir='ltr'>ascripta</span> <span class='ocrx_word' id='word_1_134' title='bbox 757 3443 810 3532; x_wconf 82' lang='lat' dir='ltr'>sit,</span> <span class='ocrx_word' id='word_1_135' title='bbox 826 3468 894 3515; x_wconf 92' lang='lat' dir='ltr'>non</span> <span class='ocrx_word' id='word_1_136' title='bbox 908 3460 1021 3516; x_wconf 88' lang='lat' dir='ltr'>tamen</span> <span class='ocrx_word' id='word_1_137' title='bbox 1031 3469 1105 3516; x_wconf 88' lang='lat' dir='ltr'>om-</span> 
     </span>
     <span class='ocr_line' id='line_1_23' title="bbox 254 3558 1105 3633; baseline 0.002 -3"><span class='ocrx_word' id='word_1_138' title='bbox 254 3560 303 3633; x_wconf 88' lang='lat' dir='ltr'>nis</span> <span class='ocrx_word' id='word_1_139' title='bbox 313 3579 348 3633; x_wconf 82' lang='lat' dir='ltr'>et</span> <span class='ocrx_word' id='word_1_140' title='bbox 362 3558 560 3632; x_wconf 87' lang='lat' dir='ltr'>omnimoda</span> <span class='ocrx_word' id='word_1_141' title='bbox 569 3583 673 3632; x_wconf 84' lang='lat' dir='ltr'>causa</span> <span class='ocrx_word' id='word_1_142' title='bbox 683 3561 763 3631; x_wconf 88' lang='lat' dir='ltr'>Evae</span> <span class='ocrx_word' id='word_1_143' title='bbox 778 3558 848 3630; x_wconf 84' lang='lat' dir='ltr'>suit.</span> <span class='ocrx_word' id='word_1_144' title='bbox 862 3600 906 3609; x_wconf 98' lang='lat'><em>-</em></span> <span class='ocrx_word' id='word_1_145' title='bbox 927 3559 1105 3632; x_wconf 92' lang='lat' dir='ltr'>Delibero</span> 
     </span>
    </p>
   </div>
   <div class='ocr_carea' id='block_1_3' title="bbox 250 3776 1102 4002">
    <p class='ocr_par' dir='ltr' id='par_1_4' title="bbox 250 3776 1102 4002">
     <span class='ocr_line' id='line_1_24' title="bbox 298 3776 1102 3842; baseline -0.002 -15"><span class='ocrx_word' id='word_1_146' title='bbox 298 3780 333 3842; x_wconf 84' lang='lat'>(1)</span> <span class='ocrx_word' id='word_1_147' title='bbox 350 3792 457 3827; x_wconf 84' lang='lat' dir='ltr'>sanxere</span> <span class='ocrx_word' id='word_1_148' title='bbox 479 3780 505 3826; x_wconf 81' lang='lat' dir='ltr'>V.</span> <span class='ocrx_word' id='word_1_149' title='bbox 540 3776 575 3841; x_wconf 84' lang='lat'>(2)</span> <span class='ocrx_word' id='word_1_150' title='bbox 591 3777 701 3840; x_wconf 77' lang='lat' dir='ltr'>degeste</span> <span class='ocrx_word' id='word_1_151' title='bbox 720 3778 747 3825; x_wconf 81' lang='lat' dir='ltr'>V.</span> <span class='ocrx_word' id='word_1_152' title='bbox 782 3776 816 3839; x_wconf 77' lang='lat'>(4)</span> <span class='ocrx_word' id='word_1_153' title='bbox 834 3776 879 3824; x_wconf 80' lang='lat' dir='ltr'>suit</span> <span class='ocrx_word' id='word_1_154' title='bbox 895 3777 922 3824; x_wconf 81' lang='lat' dir='ltr'>V.</span> <span class='ocrx_word' id='word_1_155' title='bbox 957 3777 1102 3839; x_wconf 81' lang='lat' dir='ltr'>(6)1neren·</span> 
     </span>
     <span class='ocr_line' id='line_1_25' title="bbox 251 3854 1099 3922; baseline -0.005 -14"><span class='ocrx_word' id='word_1_156' title='bbox 251 3859 334 3908; x_wconf 74' lang='lat' dir='ltr'>turc</span> <span class='ocrx_word' id='word_1_157' title='bbox 368 3860 500 3922; x_wconf 61' lang='lat' dir='ltr'>(ntrasgr.</span> <span class='ocrx_word' id='word_1_158' title='bbox 519 3858 546 3905; x_wconf 83' lang='lat' dir='ltr'>V.</span> <span class='ocrx_word' id='word_1_159' title='bbox 580 3854 614 3920; x_wconf 86' lang='lat'>(9)</span> <span class='ocrx_word' id='word_1_160' title='bbox 628 3857 654 3904; x_wconf 84' lang='lat' dir='ltr'>ln</span> <span class='ocrx_word' id='word_1_161' title='bbox 665 3869 717 3918; x_wconf 82' lang='lat' dir='ltr'>qua</span> <span class='ocrx_word' id='word_1_162' title='bbox 732 3857 759 3904; x_wconf 83' lang='lat' dir='ltr'>V.</span> <span class='ocrx_word' id='word_1_163' title='bbox 786 3856 886 3904; x_wconf 76' lang='lat' dir='ltr'>differat</span> <span class='ocrx_word' id='word_1_164' title='bbox 899 3855 928 3904; x_wconf 92' lang='lat' dir='ltr'>C.</span> <span class='ocrx_word' id='word_1_165' title='bbox 963 3855 1099 3919; x_wconf 64' lang='lat' dir='ltr'>(mnatv.</span> 
     </span>
     <span class='ocr_line' id='line_1_26' title="bbox 250 3935 1098 4002; baseline -0.005 -16"><span class='ocrx_word' id='word_1_166' title='bbox 250 3938 489 4002; x_wconf 67' lang='lat' dir='ltr'>(15)Quemau1em</span> <span class='ocrx_word' id='word_1_167' title='bbox 504 3938 529 3985; x_wconf 87' lang='lat' dir='ltr'>V.</span> <span class='ocrx_word' id='word_1_168' title='bbox 565 3935 805 3999; x_wconf 76' lang='lat' dir='ltr'>(14)deisummiC.</span> <span class='ocrx_word' id='word_1_169' title='bbox 840 3936 937 3997; x_wconf 73' lang='lat' dir='ltr'>(zon)</span> <span class='ocrx_word' id='word_1_170' title='bbox 949 3942 1057 3996; x_wconf 81' lang='lat' dir='ltr'>experte</span> <span class='ocrx_word' id='word_1_171' title='bbox 1072 3935 1098 3982; x_wconf 82' lang='lat' dir='ltr'>V.</span> 
     </span>
    </p>
   </div>
   <div class='ocr_carea' id='block_1_4' title="bbox 0 0 1412 5116">
    <p class='ocr_par' dir='ltr' id='par_1_5' title="bbox 0 0 1412 5116">
     <span class='ocr_line' id='line_1_27' title="bbox 0 0 1412 5116; baseline 0 2"><span class='ocrx_word' id='word_1_172' title='bbox 0 0 1412 5116; x_wconf 95' lang='lat' dir='ltr'> </span> 
     </span>
    </p>
   </div>
  </div>
 </body>
</html>
