2820 4680
704 586 758 643 ¹44

298 738 519 836 philosopho,
563 738 741 828 Ciceroni,
776 739 872 813 cuius
917 738 1148 836 eloquentiam

299 852 472 927 universus
498 853 661 928 decantat
687 855 791 941 orbis,
823 854 914 953 apud
944 854 1150 928 clarissimos

298 992 398 1065 reges
431 969 574 1043 oraturis
600 969 756 1042 evenisse
783 987 924 1043 testatur
957 968 1147 1066 antiquitas.

299 1086 444 1181 Semper
452 1084 627 1183 equidem,
643 1085 749 1183 inquit
767 1086 909 1173 Cicero,
929 1109 1053 1182 magno
1070 1109 1148 1157 cum

273 1216 391 1281 rmetu
418 1199 536 1274 dicere
564 1201 702 1298 incipio,
730 1201 1029 1298 quotienscunque
1055 1199 1149 1281 dico,

299 1315 425 1390 totiens
451 1315 530 1388 mihi
556 1315 677 1389 videor
696 1316 727 1389 in
747 1315 907 1389 iudicium
925 1315 1051 1388 venire.
1086 1317 1149 1387 Me

298 1456 392 1522 vero,
415 1431 626 1505 sanctissime
644 1449 752 1528 pater,
777 1432 858 1504 licet
874 1429 1063 1505 sanctitatis
1081 1446 1150 1502 tute

237 1644 239 1648 Ι
299 1545 563 1643 magnitudinem
578 1563 683 1642 atque
693 1545 913 1643 splendorem
924 1545 1148 1642 conspiciam,

299 1664 426 1736 relevat
446 1661 559 1734 divina
577 1661 759 1751 miseratio,
786 1686 866 1758 quae
883 1660 1098 1758 sperantibus
1117 1660 1147 1734 in

256 1806 286 1843 ιο
298 1801 336 1850 se
363 1802 532 1875 nunquam
555 1775 680 1850 deesse
710 1777 889 1851 consuevit
915 1794 951 1851 et
978 1777 1149 1851 infirmita-

299 1909 368 1967 tem
386 1894 475 1967 hanc
489 1917 598 1966 meam
612 1911 717 1990 atque
732 1893 930 1991 imperitiam
945 1895 1149 1968 corroborat

298 2025 335 2082 et
352 2007 548 2081 illuminatio
570 2033 646 2082 mea
664 2027 733 2097 est;
753 2034 833 2106 quae
850 2008 970 2083 docuit
987 2027 1023 2082 et
1040 2007 1149 2083 doce-

299 2124 348 2199 bit
373 2140 409 2197 et
435 2148 568 2197 manum
595 2124 684 2198 hanc
711 2150 821 2199 meam
847 2124 892 2199 ad
914 2124 1148 2215 scribendum,

299 2238 458 2336 linguam,
481 2257 516 2313 ut
534 2239 706 2337 quondam
733 2241 837 2315 asinae
857 2243 1007 2331 Balaam,
1026 2240 1149 2337 diriget

257 2354 343 2435 1rud
369 2355 590 2453 loquendum.
619 2357 739 2431 invitat
765 2357 819 2432 illa
841 2375 899 2432 tua
915 2357 1089 2456 singularis
1106 2383 1148 2432 ac

300 2494 411 2568 prope
437 2469 550 2544 divina
574 2473 768 2563 clementia,
792 2473 984 2571 benignitas
1002 2491 1037 2548 et
1055 2499 1148 2548 man-

299 2584 458 2676 suetudo,
473 2612 573 2684 quam
593 2588 748 2662 universa
764 2589 927 2663 decantat
945 2589 1097 2664 ecclesia
1113 2606 1149 2663 et

298 2726 386 2776 onus
417 2702 485 2775 hoc
513 2702 744 2798 gravissimum
774 2704 899 2778 viribus
930 2705 1014 2779 meis
1041 2705 1149 2802 impar

298 2818 381 2892 laeto
410 2817 524 2891 animo
548 2817 724 2916 suscipere
755 2820 915 2894 bortatur.
950 2820 1020 2894 Erit
1050 2819 1149 2918 igitur

255 2964 287 3000 ιο
298 2932 492 3007 clementiae
510 2951 546 3006 et
564 2934 776 3009 humanitatis
794 2954 874 3026 tute,
892 2935 977 3025 eius,
998 2936 1146 3034 inquam,

299 3076 378 3148 quae
401 3049 480 3122 mihi
502 3051 591 3124 hanc
616 3050 788 3125 scribendi
806 3054 941 3151 praebet
958 3051 1146 3140 audaciam,

299 3167 404 3240 hasce
417 3166 579 3240 litterulas
592 3167 809 3258 subrusticus,
829 3167 962 3265 inopes,
981 3192 1147 3242 verecun-

299 3279 356 3356 dia
380 3280 567 3373 dealbatas,
594 3283 699 3357 immo
717 3307 771 3356 me
790 3283 821 3356 in
840 3283 890 3358 eis
908 3284 1057 3380 benigne
1075 3308 1145 3357 sus·

346 3533 381 3598 (ὁ)
395 3536 497 3585 videtur
513 3538 543 3586 C.
577 3538 628 3601 (aa)
644 3538 792 3588 subristicas
803 3539 834 3588 C.
