2820 4680
854 564 911 627 286

456 738 625 813 iudicatur
657 755 693 812 et
723 738 755 810 in
785 761 828 812 ea
857 737 1041 835 persistere
1071 733 1305 810 difficillimum

455 853 674 929 existimatur.
687 858 722 927 ln
740 878 809 952 qua
826 878 929 951 quam
948 853 1045 942 dure,
1062 876 1165 950 quam
1183 874 1307 947 aspere

455 969 631 1043 Christum
658 969 759 1043 suerit
774 987 924 1058 secutus,
942 969 987 1043 de
1005 992 1044 1043 se
1061 967 1136 1065 ipse
1153 965 1308 1040 testimo-

456 1084 546 1158 nium
573 1085 746 1182 perhibuit
770 1103 806 1159 et
830 1085 903 1159 eius
930 1083 1159 1158 testimonium
1178 1099 1231 1156 est
1248 1106 1307 1156 ve·

429 1237 439 1289 t
456 1225 538 1273 rum.
549 1199 603 1273 Ad
618 1201 839 1275 Eustochium
849 1200 1022 1274 scribens:
1037 1201 1188 1288 Stabam,
1198 1196 1309 1294 inquit

455 1316 487 1389 in
507 1317 649 1390 heremo
667 1317 871 1391 constitutus
888 1334 924 1390 et
941 1316 973 1389 in
993 1315 1067 1413 ipsa
1083 1331 1178 1388 vasta
1189 1312 1307 1387 solitu-

454 1431 546 1514 dine.
556 1457 637 1530 quae
650 1450 771 1506 exusta
788 1432 869 1506 solis
887 1432 1011 1506 ardore
1029 1429 1208 1505 monachis
1226 1431 1306 1502 hor·

456 1546 563 1620 ridum
574 1565 714 1645 praestat
723 1545 1138 1644 habitaculum,quottidie
1147 1543 1306 1643 gemitus,

455 1664 625 1762 quottidie
651 1664 803 1739 lacrimae
827 1681 864 1737 et
880 1665 908 1737 si
925 1662 1067 1761 quando
1094 1687 1148 1735 me
1165 1683 1305 1735 somnus

412 1815 442 1851 ιο
454 1779 684 1878 oppressisset
713 1797 972 1878 repugnantem,
1000 1778 1091 1852 nuda
1116 1779 1221 1850 humo
1250 1776 1306 1850 vix

453 1921 534 1971 ossa
551 1895 716 1969 haerentia
732 1895 950 1970 collidebam.
982 1895 1183 1968 Horrebant
1198 1915 1307 1967 sacco

455 2013 608 2087 membra
636 2013 815 2105 deformia,
845 2038 936 2112 aqua
961 2012 1083 2112 frigida
1107 2011 1209 2086 etiam
1235 2011 1307 2085 lan·

452 2153 562 2226 guens
588 2131 708 2203 utebar
732 2146 770 2203 et
794 2146 934 2204 coctum
956 2128 1040 2226 quid
1057 2126 1239 2225 accepisse
1256 2127 1307 2199 lu·

454 2245 550 2318 xuria
582 2245 634 2318 sit.
675 2245 776 2319 Cutis
807 2269 884 2319 mea
914 2261 1056 2343 propter
1086 2240 1307 2318 incommoda

411 2393 437 2447 ις
453 2361 609 2459 squalida
622 2361 734 2436 carnis
746 2362 974 2460 Aethyopieae
987 2361 1086 2435 situm
1101 2358 1304 2434 obduxerat

455 2478 597 2551 Flebam
625 2477 788 2551 continue
818 2493 855 2550 et
883 2492 1131 2575 repugnantem
1166 2499 1305 2548 carnem

453 2592 723 2667 ebdomadarum
747 2593 864 2691 inopia
884 2592 1117 2691 subiugabam.
1138 2589 1207 2665 Sed
1221 2587 1306 2687 quid

454 2709 565 2783 multis
598 2711 797 2807 provehor?
832 2707 930 2809 Quid
964 2708 1116 2805 denique
1150 2704 1307 2804 longiora

453 2825 646 2900 enarrando
672 2825 820 2924 fatigor?
846 2850 925 2899 cum
948 2850 1017 2899 non
1036 2822 1117 2897 mihi
1134 2823 1161 2897 si
1180 2822 1305 2920 linguae

501 3075 535 3140 (1)
544 3076 707 3127 difficilimum
718 3076 750 3124 Β.
775 3074 808 3138 (a)
818 3073 949 3136 prohibuit
959 3073 992 3123 G·
1018 3071 1051 3136 (ς)
1065 3070 1227 3120 Eustachium
1239 3069 1303 3118 ΒΜ.

454 3157 488 3219 (8)
505 3157 618 3219 prestat]
636 3169 730 3218 prese
747 3155 807 3205 iecit
825 3155 857 3204 G.
892 3152 1009 3215 quotidie
1027 3153 1060 3202 G.
1096 3149 1130 3213 (9)
1142 3149 1260 3212 quotidie
1270 3149 1303 3198 G.

453 3238 573 3287 lachrime
584 3237 616 3286 Β.
651 3236 701 3300 (ιο)
712 3238 789 3285 humo
801 3234 871 3284 nudo
879 3235 911 3283 Β.
931 3233 1001 3283 nudo
1012 3232 1080 3282 codd.
1114 3230 1163 3296 (11)
1176 3230 1306 3279 horrentia

452 3319 484 3369 B.
502 3319 582 3368 aaeho
598 3318 630 3378 Β,
649 3331 712 3367 seno
724 3317 749 3366 G
765 3316 797 3380 (et
808 3316 865 3379 Ml)
898 3315 947 3378 (η)
959 3327 998 3377 pr.
1012 3313 1060 3363 inc.
1070 3326 1117 3362 om.
1130 3311 1162 3360 Β.
1196 3311 1246 3372 (ις)
1258 3310 1305 3359 cri·

453 3412 501 3448 nua
526 3400 559 3449 G.
609 3398 745 3466 ethiopice
774 3396 806 3455 Β,
844 3395 982 3459 ethyopice
1009 3394 1043 3444 G.
1092 3391 1235 3441 adduxerat
1268 3391 1303 3440 G.

454 3477 504 3542 (ιγ)
522 3478 690 3528 edomandam
708 3479 741 3538 G,
771 3475 942 3525 ebdomadam
959 3474 997 3523 Μ.
1032 3473 1120 3535 inopie
1137 3473 1163 3533 G
1185 3472 1217 3533 (at
1237 3470 1270 3520 M
1276 3469 1306 3533 l)‚·

454 3561 545 3620 inedia,
563 3563 590 3609 ut
605 3561 640 3610 at
654 3559 722 3624 apud
737 3556 924 3621 nummum?
948 3555 1021 3618 quod
1038 3555 1071 3605 G.
1106 3551 1157 3618 (ιθ)
1173 3551 1254 3615 Quod
1269 3552 1303 3602 G.
