2820 4680
700 586 758 649 rat

298 758 549 859 glorificatique
576 758 680 856 patris
706 758 872 832 memoria
888 757 1003 832 animo
1021 757 1152 831 moveri

298 894 335 951 et
359 876 404 951 ad
429 876 545 948 fletum
572 898 797 972 prorumpere
824 873 904 947 milri
930 898 1077 949 necesse
1097 873 1151 947 sit

299 992 508 1091 Sibylloeque
543 990 734 1063 Tiburtinae
768 990 814 1064 de
851 1014 898 1063 eo
933 989 1152 1087 prophetiam

300 1126 381 1182 tunc
399 1106 573 1204 impletam
592 1106 668 1203 quis
687 1106 849 1204 negabit?
866 1105 924 1180 Ait
940 1105 1050 1179 enim:
1070 1107 1152 1179 Sur-

273 1253 282 1307 t
298 1241 358 1323 get
369 1223 468 1297 stella
481 1221 640 1295 mirabilis
653 1239 800 1319 quatuor
813 1222 1005 1296 animalium
1020 1222 1153 1295 habens

299 1340 478 1438 imaginem
495 1338 630 1436 eritque
648 1339 681 1410 in
700 1340 782 1412 tuba
808 1338 980 1428 mirabilis,
1006 1341 1153 1412 Danaos

298 1454 498 1529 illuminabit
523 1478 721 1551 nomenque
745 1455 824 1552 agni
856 1453 1028 1553 usquead
1047 1455 1150 1527 linem

298 1571 331 1645 in
356 1569 414 1644 dei
439 1570 562 1643 virtute
596 1568 776 1666 perducet,
802 1570 936 1644 vinctos
962 1593 983 1643 a
1008 1568 1152 1643 diabolo

298 1685 456 1761 liberabit
472 1701 509 1759 et
526 1684 674 1758 moriens
692 1685 909 1760 illustrabitur
921 1685 1057 1783 eritque
1074 1684 1150 1758 eius

256 1833 286 1870 ιο
298 1803 409 1876 exitus
424 1801 604 1899 gloriosus.
625 1800 813 1876 Laudanda
828 1818 882 1875 est
899 1800 1000 1899 igitur
1016 1801 1152 1874 anobis

297 1944 436 2017 semper
465 1917 579 1991 divina
608 1918 835 2015 providentia,
853 1944 934 2017 quae
963 1917 1150 1992 ecclesiam

298 2060 392 2110 suam
411 2034 609 2108 militantem
628 2035 685 2109 tali
702 2036 829 2109 auxilio
847 2035 1005 2109 munierit
1021 2036 1151 2107 aulam-

298 2175 369 2247 que
393 2174 487 2224 suam
506 2149 634 2246 regiam
653 2150 710 2223 tali
728 2151 887 2248 angelico
905 2149 1023 2247 spiritu
1041 2148 1152 2223 deco-

298 2266 391 2340 ravit
422 2269 528 2338 Hunc
546 2265 645 2362 igitur
662 2265 767 2338 virum
785 2265 1024 2364 glorificatum,
1043 2264 1149 2362 pium,

256 2410 281 2461 τι
297 2381 440 2456 caritate
474 2381 672 2478 fulgentem,
703 2381 841 2454 summis
871 2380 1027 2454 laudibus
1057 2383 1152 2454 cele·

298 2499 408 2587 brare,
434 2496 527 2570 omni
553 2496 740 2571 devotione
766 2496 936 2569 mentibus
954 2495 1078 2569 nostris
1095 2521 1152 2569 su·

297 2613 434 2711 scipere
459 2612 638 2701 debemus,
667 2629 703 2685 ut
728 2612 821 2710 apud
846 2613 949 2686 deum
968 2637 1032 2709 pro
1050 2612 1151 2685 nobis

298 2729 542 2827 peccatoribus
568 2745 756 2826 perpetuus
781 2728 990 2801 intercessor
1014 2726 1150 2816 existat,

298 2861 335 2918 ut
350 2868 487 2941 gressus
504 2861 540 2918 et
557 2846 749 2917 voluntates
763 2860 896 2917 nostras
906 2843 938 2915 in
949 2844 1019 2915 hoc
1028 2844 1150 2915 seculo

254 2990 286 3026 20
298 2960 446 3059 dirigere
463 2976 500 3034 et
515 2962 708 3058 gubernare
726 2959 893 3058 dignetur.
915 2960 957 3031 Et
975 2974 1056 3031 tunc
1071 2982 1149 3031 cum

298 3076 500 3152 beatissimis
536 3076 709 3174 spiritibus
739 3076 772 3148 in
802 3074 998 3149 caelestibus
1036 3073 1150 3172 regnis

344 3322 379 3388 (ι)
396 3323 546 3386 Sybilleque
556 3321 589 3381 B,
601 3320 742 3382 Sibilleque
753 3321 786 3369 G.
820 3320 887 3384 Tyb.
904 3320 937 3368 Β.
979 3317 1014 3382 (4)
1032 3332 1099 3368 nunc
1114 3320 1148 3369 G.

298 3403 331 3467 (ς)
348 3411 476 3465 quactuor
487 3403 520 3452 G.
556 3400 590 3464 (6)
607 3415 686 3464 ymag.
700 3400 732 3449 B.
767 3399 802 3464 (8)
820 3399 933 3463 dyabolo
951 3400 1009 3449 BG.
1045 3398 1078 3463 (9)
1095 3413 1150 3448 ιιιο-

298 3497 361 3533 nens
387 3483 419 3532 G.
466 3481 515 3545 (ιι)
542 3495 648 3543 semper
672 3495 719 3529 om.
749 3481 780 3530 Β.
832 3478 883 3542 (η)
912 3480 1007 3542 regiam
1034 3492 1080 3527 om.
1113 3480 1147 3529 G.

299 3562 349 3627 (ι4)
363 3561 458 3628 glomi]
469 3562 592 3626 optimum
601 3562 635 3612 G.
670 3559 720 3625 (ao)
729 3559 856 3626 dirrigere
863 3558 896 3607 B.
931 3558 982 3624 (ιι)
995 3560 1095 3610 coelest.
1109 3559 1148 3609 M.
