<?xml version="1.0" encoding="UTF-8"?>
<!DOCTYPE html PUBLIC "-//W3C//DTD XHTML 1.0 Transitional//EN"
    "http://www.w3.org/TR/xhtml1/DTD/xhtml1-transitional.dtd">
<html xmlns="http://www.w3.org/1999/xhtml" xml:lang="en" lang="en">
 <head>
  <title>
</title>
<meta http-equiv="Content-Type" content="text/html;charset=utf-8" />
  <meta name='ocr-system' content='tesseract 3.04.00' />
  <meta name='ocr-capabilities' content='ocr_page ocr_carea ocr_par ocr_line ocrx_word'/>
</head>
<body>
  <div class='ocr_page' id='page_1' title='image "./isotnogarolvero01nogagoog/isotnogarolvero01nogagoog_0249.png"; bbox 0 0 2820 4680; ppageno 0'>
   <div class='ocr_carea' id='block_1_1' title="bbox 698 605 757 662">
    <p class='ocr_par' dir='ltr' id='par_1_1' title="bbox 698 605 757 662">
     <span class='ocr_line' id='line_1_1' title="bbox 698 605 757 662; baseline -0.017 -13"><span class='ocrx_word' id='word_1_1' title='bbox 698 605 757 662; x_wconf 84' lang='lat'><strong>²40</strong></span> 
     </span>
    </p>
   </div>
   <div class='ocr_carea' id='block_1_2' title="bbox 255 759 1153 3406">
    <p class='ocr_par' dir='ltr' id='par_1_2' title="bbox 255 759 1153 3406">
     <span class='ocr_line' id='line_1_2' title="bbox 297 759 1152 856; baseline 0.002 -25"><span class='ocrx_word' id='word_1_2' title='bbox 297 759 482 833; x_wconf 84' lang='lat' dir='ltr'>Aristotele</span> <span class='ocrx_word' id='word_1_3' title='bbox 515 759 684 856; x_wconf 89' lang='lat' dir='ltr'><strong>quidquid</strong></span> <span class='ocrx_word' id='word_1_4' title='bbox 713 774 768 832; x_wconf 92' lang='lat' dir='ltr'><strong>est</strong></span> <span class='ocrx_word' id='word_1_5' title='bbox 784 782 907 832; x_wconf 82' lang='lat' dir='ltr'><strong>caussa</strong></span> <span class='ocrx_word' id='word_1_6' title='bbox 935 781 1068 832; x_wconf 68' lang='lat' dir='ltr'><strong>caumae</strong></span> <span class='ocrx_word' id='word_1_7' title='bbox 1097 775 1152 833; x_wconf 91' lang='lat' dir='ltr'><strong>est</strong></span> 
     </span>
     <span class='ocr_line' id='line_1_3' title="bbox 297 872 1152 971; baseline -0.001 -22"><span class='ocrx_word' id='word_1_8' title='bbox 297 899 420 950; x_wconf 79' lang='lat' dir='ltr'><strong>caussa</strong></span> <span class='ocrx_word' id='word_1_9' title='bbox 440 875 606 963; x_wconf 84' lang='lat' dir='ltr'><strong>caussati;</strong></span> <span class='ocrx_word' id='word_1_10' title='bbox 634 874 740 947; x_wconf 92' lang='lat' dir='ltr'><strong>immo</strong></span> <span class='ocrx_word' id='word_1_11' title='bbox 764 873 877 947; x_wconf 88' lang='lat' dir='ltr'><strong>omnis</strong></span> <span class='ocrx_word' id='word_1_12' title='bbox 903 872 1012 971; x_wconf 85' lang='lat' dir='ltr'><strong>prima</strong></span> <span class='ocrx_word' id='word_1_13' title='bbox 1029 897 1152 948; x_wconf 84' lang='lat' dir='ltr'><strong>caussa</strong></span> 
     </span>
     <span class='ocr_line' id='line_1_4' title="bbox 298 988 1151 1090; baseline -0.001 -26"><span class='ocrx_word' id='word_1_14' title='bbox 298 992 373 1090; x_wconf 90' lang='lat' dir='ltr'><strong>plus</strong></span> <span class='ocrx_word' id='word_1_15' title='bbox 390 990 498 1063; x_wconf 91' lang='lat' dir='ltr'><strong>inlluit</strong></span> <span class='ocrx_word' id='word_1_16' title='bbox 515 990 548 1063; x_wconf 92' lang='lat' dir='ltr'><strong>in</strong></span> <span class='ocrx_word' id='word_1_17' title='bbox 565 991 727 1064; x_wconf 85' lang='lat' dir='ltr'><strong>effectum</strong></span> <span class='ocrx_word' id='word_1_18' title='bbox 745 1013 849 1087; x_wconf 88' lang='lat' dir='ltr'><strong>quam</strong></span> <span class='ocrx_word' id='word_1_19' title='bbox 867 988 1039 1078; x_wconf 83' lang='lat' dir='ltr'><strong>secunda3</strong></span> <span class='ocrx_word' id='word_1_20' title='bbox 1059 990 1151 1088; x_wconf 90' lang='lat' dir='ltr'><strong>prin-</strong></span> 
     </span>
     <span class='ocr_line' id='line_1_5' title="bbox 297 1105 1151 1204; baseline 0 -23"><span class='ocrx_word' id='word_1_21' title='bbox 297 1106 424 1204; x_wconf 91' lang='lat' dir='ltr'><strong>cipium</strong></span> <span class='ocrx_word' id='word_1_22' title='bbox 447 1106 538 1179; x_wconf 92' lang='lat' dir='ltr'><strong>enim</strong></span> <span class='ocrx_word' id='word_1_23' title='bbox 555 1106 683 1180; x_wconf 91' lang='lat' dir='ltr'><strong>eodem</strong></span> <span class='ocrx_word' id='word_1_24' title='bbox 702 1122 790 1180; x_wconf 90' lang='lat' dir='ltr'><strong>teste</strong></span> <span class='ocrx_word' id='word_1_25' title='bbox 807 1105 993 1179; x_wconf 84' lang='lat' dir='ltr'><strong>Aristotele</strong></span> <span class='ocrx_word' id='word_1_26' title='bbox 1010 1105 1043 1178; x_wconf 89' lang='lat' dir='ltr'><strong>in</strong></span> <span class='ocrx_word' id='word_1_27' title='bbox 1062 1132 1151 1203; x_wconf 90' lang='lat' dir='ltr'><strong>quo·</strong></span> 
     </span>
     <span class='ocr_line' id='line_1_6' title="bbox 272 1220 1151 1320; baseline -0.001 -24"><span class='ocrx_word' id='word_1_28' title='bbox 272 1258 282 1308; x_wconf 68' lang='grc' dir='ltr'><strong>ς</strong></span> <span class='ocrx_word' id='word_1_29' title='bbox 298 1246 437 1318; x_wconf 89' lang='lat' dir='ltr'><strong>cunque</strong></span> <span class='ocrx_word' id='word_1_30' title='bbox 446 1247 575 1319; x_wconf 86' lang='lat' dir='ltr'>genere</span> <span class='ocrx_word' id='word_1_31' title='bbox 585 1226 772 1320; x_wconf 87' lang='lat' dir='ltr'><strong>plusquam</strong></span> <span class='ocrx_word' id='word_1_32' title='bbox 783 1220 960 1294; x_wconf 91' lang='lat' dir='ltr'><strong>dimidium</strong></span> <span class='ocrx_word' id='word_1_33' title='bbox 975 1220 1078 1295; x_wconf 89' lang='lat' dir='ltr'><strong>totius</strong></span> <span class='ocrx_word' id='word_1_34' title='bbox 1090 1223 1151 1295; x_wconf 92' lang='lat' dir='ltr'><strong>ha·</strong></span> 
     </span>
     <span class='ocr_line' id='line_1_7' title="bbox 299 1336 1151 1434; baseline 0 -23"><span class='ocrx_word' id='word_1_35' title='bbox 299 1340 407 1411; x_wconf 91' lang='lat' dir='ltr'><strong>betur.</strong></span> <span class='ocrx_word' id='word_1_36' title='bbox 425 1340 468 1411; x_wconf 88' lang='lat' dir='ltr'><strong>Et</strong></span> <span class='ocrx_word' id='word_1_37' title='bbox 482 1337 572 1410; x_wconf 92' lang='lat' dir='ltr'><strong>idem</strong></span> <span class='ocrx_word' id='word_1_38' title='bbox 587 1337 620 1409; x_wconf 94' lang='lat' dir='ltr'><strong>in</strong></span> <span class='ocrx_word' id='word_1_39' title='bbox 638 1336 890 1411; x_wconf 86' lang='lat' dir='ltr'><strong>Posterioribus</strong></span> <span class='ocrx_word' id='word_1_40' title='bbox 900 1337 1151 1434; x_wconf 85' lang='lat' dir='ltr'>propterquod</span> 
     </span>
     <span class='ocr_line' id='line_1_8' title="bbox 299 1451 1152 1551; baseline 0 -25"><span class='ocrx_word' id='word_1_41' title='bbox 299 1452 587 1551; x_wconf 90' lang='lat' dir='ltr'><strong>unumquodque</strong></span> <span class='ocrx_word' id='word_1_42' title='bbox 609 1454 677 1526; x_wconf 86' lang='lat' dir='ltr'><strong>tale</strong></span> <span class='ocrx_word' id='word_1_43' title='bbox 693 1469 730 1526; x_wconf 91' lang='lat' dir='ltr'><strong>et</strong></span> <span class='ocrx_word' id='word_1_44' title='bbox 746 1451 828 1526; x_wconf 95' lang='lat' dir='ltr'><strong>illud</strong></span> <span class='ocrx_word' id='word_1_45' title='bbox 846 1451 971 1550; x_wconf 83' lang='lat' dir='ltr'><strong>magis;</strong></span> <span class='ocrx_word' id='word_1_46' title='bbox 990 1451 1053 1526; x_wconf 87' lang='lat' dir='ltr'><strong>sed</strong></span> <span class='ocrx_word' id='word_1_47' title='bbox 1070 1477 1152 1550; x_wconf 92' lang='lat' dir='ltr'><strong>pro·</strong></span> 
     </span>
     <span class='ocr_line' id='line_1_9' title="bbox 298 1567 1152 1666; baseline 0 -24"><span class='ocrx_word' id='word_1_48' title='bbox 298 1585 376 1666; x_wconf 91' lang='lat' dir='ltr'><strong>pter</strong></span> <span class='ocrx_word' id='word_1_49' title='bbox 394 1570 497 1642; x_wconf 86' lang='lat' dir='ltr'><strong>Evam</strong></span> <span class='ocrx_word' id='word_1_50' title='bbox 516 1568 675 1665; x_wconf 86' lang='lat' dir='ltr'><strong>peccavit</strong></span> <span class='ocrx_word' id='word_1_51' title='bbox 691 1567 813 1658; x_wconf 84' lang='lat' dir='ltr'><strong>Adam,</strong></span> <span class='ocrx_word' id='word_1_52' title='bbox 823 1592 909 1665; x_wconf 86' lang='lat' dir='ltr'><strong>ergo</strong></span> <span class='ocrx_word' id='word_1_53' title='bbox 924 1569 1030 1641; x_wconf 93' lang='lat' dir='ltr'><strong>multo</strong></span> <span class='ocrx_word' id='word_1_54' title='bbox 1045 1567 1152 1666; x_wconf 80' lang='lat' dir='ltr'><strong>magis</strong></span> 
     </span>
     <span class='ocr_line' id='line_1_10' title="bbox 299 1683 1151 1781; baseline -0.001 -23"><span class='ocrx_word' id='word_1_55' title='bbox 299 1683 459 1781; x_wconf 91' lang='lat' dir='ltr'><strong>peccavit</strong></span> <span class='ocrx_word' id='word_1_56' title='bbox 485 1686 565 1757; x_wconf 86' lang='lat' dir='ltr'><strong>Eva</strong></span> <span class='ocrx_word' id='word_1_57' title='bbox 604 1686 688 1756; x_wconf 88' lang='lat' dir='ltr'><strong>ltem</strong></span> <span class='ocrx_word' id='word_1_58' title='bbox 715 1683 814 1758; x_wconf 87' lang='lat' dir='ltr'><strong>sicuti</strong></span> <span class='ocrx_word' id='word_1_59' title='bbox 840 1683 960 1758; x_wconf 90' lang='lat' dir='ltr'><strong>melius</strong></span> <span class='ocrx_word' id='word_1_60' title='bbox 986 1699 1039 1757; x_wconf 91' lang='lat' dir='ltr'><strong>est</strong></span> <span class='ocrx_word' id='word_1_61' title='bbox 1061 1685 1151 1757; x_wconf 92' lang='lat' dir='ltr'><strong>bene</strong></span> 
     </span>
     <span class='ocr_line' id='line_1_11' title="bbox 257 1799 1152 1898; baseline 0.002 -26"><span class='ocrx_word' id='word_1_62' title='bbox 257 1835 286 1872; x_wconf 83' lang='grc' dir='ltr'><strong>ιο</strong></span> <span class='ocrx_word' id='word_1_63' title='bbox 299 1801 416 1874; x_wconf 86' lang='lat' dir='ltr'><strong>lacere</strong></span> <span class='ocrx_word' id='word_1_64' title='bbox 433 1824 536 1898; x_wconf 90' lang='lat' dir='ltr'><strong>quam</strong></span> <span class='ocrx_word' id='word_1_65' title='bbox 555 1800 645 1873; x_wconf 91' lang='lat' dir='ltr'><strong>bene</strong></span> <span class='ocrx_word' id='word_1_66' title='bbox 662 1799 743 1897; x_wconf 87' lang='lat' dir='ltr'><strong>pati,</strong></span> <span class='ocrx_word' id='word_1_67' title='bbox 762 1799 809 1872; x_wconf 89' lang='lat' dir='ltr'><strong>ita</strong></span> <span class='ocrx_word' id='word_1_68' title='bbox 825 1799 976 1874; x_wconf 91' lang='lat' dir='ltr'><strong>deterius</strong></span> <span class='ocrx_word' id='word_1_69' title='bbox 992 1816 1046 1874; x_wconf 88' lang='lat' dir='ltr'><strong>est</strong></span> <span class='ocrx_word' id='word_1_70' title='bbox 1063 1802 1152 1874; x_wconf 85' lang='lat' dir='ltr'><strong>male</strong></span> 
     </span>
     <span class='ocr_line' id='line_1_12' title="bbox 299 1914 1151 2013; baseline -0.002 -23"><span class='ocrx_word' id='word_1_71' title='bbox 299 1916 445 1990; x_wconf 88' lang='lat' dir='ltr'><strong>suadere</strong></span> <span class='ocrx_word' id='word_1_72' title='bbox 470 1940 573 2013; x_wconf 88' lang='lat' dir='ltr'><strong>quam</strong></span> <span class='ocrx_word' id='word_1_73' title='bbox 600 1917 689 1989; x_wconf 88' lang='lat' dir='ltr'><strong>male</strong></span> <span class='ocrx_word' id='word_1_74' title='bbox 705 1914 851 1988; x_wconf 90' lang='lat' dir='ltr'><strong>suaderi.</strong></span> <span class='ocrx_word' id='word_1_75' title='bbox 880 1916 1074 2013; x_wconf 83' lang='lat' dir='ltr'>Propterea</span> <span class='ocrx_word' id='word_1_76' title='bbox 1090 1915 1151 1988; x_wconf 93' lang='lat' dir='ltr'><strong>mi-</strong></span> 
     </span>
     <span class='ocr_line' id='line_1_13' title="bbox 300 2031 1150 2130; baseline -0.001 -24"><span class='ocrx_word' id='word_1_77' title='bbox 300 2057 362 2107; x_wconf 90' lang='lat' dir='ltr'><strong>nus</strong></span> <span class='ocrx_word' id='word_1_78' title='bbox 388 2032 548 2130; x_wconf 90' lang='lat' dir='ltr'><strong>peccavit</strong></span> <span class='ocrx_word' id='word_1_79' title='bbox 569 2032 627 2128; x_wconf 89' lang='lat' dir='ltr'><strong>qui</strong></span> <span class='ocrx_word' id='word_1_80' title='bbox 645 2031 782 2106; x_wconf 88' lang='lat' dir='ltr'><strong>alterius</strong></span> <span class='ocrx_word' id='word_1_81' title='bbox 800 2031 960 2127; x_wconf 85' lang='lat' dir='ltr'><strong>peccavit</strong></span> <span class='ocrx_word' id='word_1_82' title='bbox 976 2033 1150 2128; x_wconf 87' lang='lat' dir='ltr'><strong>exemplo,</strong></span> 
     </span>
     <span class='ocr_line' id='line_1_14' title="bbox 299 2146 1151 2246; baseline -0.004 -24"><span class='ocrx_word' id='word_1_83' title='bbox 299 2148 380 2246; x_wconf 86' lang='lat' dir='ltr'><strong>quia</strong></span> <span class='ocrx_word' id='word_1_84' title='bbox 405 2147 501 2246; x_wconf 88' lang='lat' dir='ltr'><strong>quod</strong></span> <span class='ocrx_word' id='word_1_85' title='bbox 527 2149 690 2245; x_wconf 91' lang='lat' dir='ltr'><strong>exemplo</strong></span> <span class='ocrx_word' id='word_1_86' title='bbox 711 2148 749 2220; x_wconf 88' lang='lat' dir='ltr'><strong>lit</strong></span> <span class='ocrx_word' id='word_1_87' title='bbox 766 2146 800 2221; x_wconf 94' lang='lat' dir='ltr'><strong>id</strong></span> <span class='ocrx_word' id='word_1_88' title='bbox 818 2146 970 2244; x_wconf 93' lang='lat' dir='ltr'><strong>quodam</strong></span> <span class='ocrx_word' id='word_1_89' title='bbox 989 2147 1061 2220; x_wconf 91' lang='lat' dir='ltr'><strong>iure</strong></span> <span class='ocrx_word' id='word_1_90' title='bbox 1079 2146 1151 2220; x_wconf 88' lang='lat' dir='ltr'><strong>lieri</strong></span> 
     </span>
     <span class='ocr_line' id='line_1_15' title="bbox 299 2261 1153 2360; baseline -0.002 -22"><span class='ocrx_word' id='word_1_91' title='bbox 299 2264 423 2338; x_wconf 91' lang='lat' dir='ltr'><strong>dicitur</strong></span> <span class='ocrx_word' id='word_1_92' title='bbox 440 2281 476 2336; x_wconf 92' lang='lat' dir='ltr'><strong>et</strong></span> <span class='ocrx_word' id='word_1_93' title='bbox 488 2264 591 2360; x_wconf 86' lang='lat' dir='ltr'><strong>vulgo</strong></span> <span class='ocrx_word' id='word_1_94' title='bbox 605 2262 673 2338; x_wconf 94' lang='lat' dir='ltr'><strong>dici</strong></span> <span class='ocrx_word' id='word_1_95' title='bbox 686 2265 793 2337; x_wconf 92' lang='lat' dir='ltr'><strong>solet:</strong></span> <span class='ocrx_word' id='word_1_96' title='bbox 809 2261 976 2360; x_wconf 89' lang='lat' dir='ltr'><strong>quicquid</strong></span> <span class='ocrx_word' id='word_1_97' title='bbox 986 2279 1153 2360; x_wconf 86' lang='lat' dir='ltr'><strong>peccatur</strong></span> 
     </span>
     <span class='ocr_line' id='line_1_16' title="bbox 257 2379 1151 2477; baseline 0.002 -28"><span class='ocrx_word' id='word_1_98' title='bbox 257 2405 319 2465; x_wconf 65' lang='lat' dir='ltr'><strong>na</strong></span> <span class='ocrx_word' id='word_1_99' title='bbox 345 2379 467 2468; x_wconf 88' lang='lat' dir='ltr'><strong>multis,</strong></span> <span class='ocrx_word' id='word_1_100' title='bbox 494 2379 634 2452; x_wconf 91' lang='lat' dir='ltr'><strong>inultum</strong></span> <span class='ocrx_word' id='word_1_101' title='bbox 652 2396 715 2453; x_wconf 91' lang='lat' dir='ltr'><strong>est.</strong></span> <span class='ocrx_word' id='word_1_102' title='bbox 734 2379 835 2453; x_wconf 88' lang='lat' dir='ltr'><strong>Adde</strong></span> <span class='ocrx_word' id='word_1_103' title='bbox 853 2379 949 2477; x_wconf 92' lang='lat' dir='ltr'><strong>quod</strong></span> <span class='ocrx_word' id='word_1_104' title='bbox 967 2404 1036 2453; x_wconf 91' lang='lat' dir='ltr'><strong>non</strong></span> <span class='ocrx_word' id='word_1_105' title='bbox 1054 2380 1151 2452; x_wconf 91' lang='lat' dir='ltr'><strong>labo-</strong></span> 
     </span>
     <span class='ocr_line' id='line_1_17' title="bbox 299 2494 1152 2570; baseline -0.004 0"><span class='ocrx_word' id='word_1_106' title='bbox 299 2495 424 2570; x_wconf 90' lang='lat' dir='ltr'><strong>riosum</strong></span> <span class='ocrx_word' id='word_1_107' title='bbox 450 2494 512 2568; x_wconf 85' lang='lat' dir='ltr'><strong>fuit</strong></span> <span class='ocrx_word' id='word_1_108' title='bbox 536 2494 644 2570; x_wconf 86' lang='lat' dir='ltr'><strong>sociae</strong></span> <span class='ocrx_word' id='word_1_109' title='bbox 673 2495 889 2570; x_wconf 75' lang='lat' dir='ltr'><strong>amicissimae</strong></span> <span class='ocrx_word' id='word_1_110' title='bbox 918 2494 1024 2568; x_wconf 88' lang='lat' dir='ltr'><strong>virum</strong></span> <span class='ocrx_word' id='word_1_111' title='bbox 1055 2495 1152 2569; x_wconf 91' lang='lat' dir='ltr'><strong>deci-</strong></span> 
     </span>
     <span class='ocr_line' id='line_1_18' title="bbox 299 2609 1151 2709; baseline -0.004 -24"><span class='ocrx_word' id='word_1_112' title='bbox 299 2636 394 2709; x_wconf 87' lang='lat' dir='ltr'>pere,</span> <span class='ocrx_word' id='word_1_113' title='bbox 414 2626 536 2709; x_wconf 91' lang='lat' dir='ltr'><strong>utpote</strong></span> <span class='ocrx_word' id='word_1_114' title='bbox 561 2635 640 2708; x_wconf 85' lang='lat' dir='ltr'><strong>quae</strong></span> <span class='ocrx_word' id='word_1_115' title='bbox 661 2610 790 2685; x_wconf 91' lang='lat' dir='ltr'><strong>dudum</strong></span> <span class='ocrx_word' id='word_1_116' title='bbox 809 2609 991 2708; x_wconf 86' lang='lat' dir='ltr'><strong>turpissimi</strong></span> <span class='ocrx_word' id='word_1_117' title='bbox 1009 2634 1151 2708; x_wconf 89' lang='lat' dir='ltr'><strong>serpen-</strong></span> 
     </span>
     <span class='ocr_line' id='line_1_19' title="bbox 299 2725 1151 2824; baseline -0.002 -24"><span class='ocrx_word' id='word_1_118' title='bbox 299 2727 341 2801; x_wconf 93' lang='lat' dir='ltr'><strong>tis</strong></span> <span class='ocrx_word' id='word_1_119' title='bbox 372 2725 593 2824; x_wconf 85' lang='lat' dir='ltr'><strong>persuasione</strong></span> <span class='ocrx_word' id='word_1_120' title='bbox 623 2725 778 2800; x_wconf 86' lang='lat' dir='ltr'><strong>callidior</strong></span> <span class='ocrx_word' id='word_1_121' title='bbox 808 2749 913 2823; x_wconf 90' lang='lat' dir='ltr'><strong>quam</strong></span> <span class='ocrx_word' id='word_1_122' title='bbox 943 2742 1046 2799; x_wconf 89' lang='lat' dir='ltr'><strong>antea</strong></span> <span class='ocrx_word' id='word_1_123' title='bbox 1079 2725 1151 2799; x_wconf 86' lang='lat' dir='ltr'><strong>lieri</strong></span> 
     </span>
     <span class='ocr_line' id='line_1_20' title="bbox 299 2840 1152 2940; baseline -0.004 -22"><span class='ocrx_word' id='word_1_124' title='bbox 299 2860 469 2940; x_wconf 89' lang='lat' dir='ltr'><strong>coeperat.</strong></span> <span class='ocrx_word' id='word_1_125' title='bbox 496 2845 624 2914; x_wconf 91' lang='lat' dir='ltr'><strong>Verum</strong></span> <span class='ocrx_word' id='word_1_126' title='bbox 642 2858 738 2916; x_wconf 87' lang='lat' dir='ltr'><strong>tanto</strong></span> <span class='ocrx_word' id='word_1_127' title='bbox 755 2841 912 2940; x_wconf 86' lang='lat' dir='ltr'><strong>graviora</strong></span> <span class='ocrx_word' id='word_1_128' title='bbox 928 2858 1007 2914; x_wconf 90' lang='lat' dir='ltr'><strong>sunt</strong></span> <span class='ocrx_word' id='word_1_129' title='bbox 1023 2840 1152 2915; x_wconf 88' lang='lat' dir='ltr'><strong>delicta</strong></span> 
     </span>
     <span class='ocr_line' id='line_1_21' title="bbox 255 2956 1151 3056; baseline 0.004 -29"><span class='ocrx_word' id='word_1_130' title='bbox 255 2991 286 3027; x_wconf 72' lang='grc' dir='ltr'><strong>ιο</strong></span> <span class='ocrx_word' id='word_1_131' title='bbox 299 2959 461 3056; x_wconf 87' lang='lat' dir='ltr'><strong>Gregorii</strong></span> <span class='ocrx_word' id='word_1_132' title='bbox 488 2958 644 3047; x_wconf 89' lang='lat' dir='ltr'><strong>decreto,</strong></span> <span class='ocrx_word' id='word_1_133' title='bbox 667 2975 798 3056; x_wconf 91' lang='lat' dir='ltr'><strong>quanto</strong></span> <span class='ocrx_word' id='word_1_134' title='bbox 827 2957 952 3031; x_wconf 92' lang='lat' dir='ltr'><strong>diutius</strong></span> <span class='ocrx_word' id='word_1_135' title='bbox 978 2956 1151 3031; x_wconf 81' lang='lat' dir='ltr'><strong>infelicem</strong></span> 
     </span>
     <span class='ocr_line' id='line_1_22' title="bbox 298 3072 1151 3171; baseline -0.004 -21"><span class='ocrx_word' id='word_1_136' title='bbox 298 3075 443 3150; x_wconf 86' lang='lat' dir='ltr'><strong>animam</strong></span> <span class='ocrx_word' id='word_1_137' title='bbox 469 3074 626 3149; x_wconf 90' lang='lat' dir='ltr'><strong>detinent</strong></span> <span class='ocrx_word' id='word_1_138' title='bbox 650 3074 830 3171; x_wconf 86' lang='lat' dir='ltr'><strong>alligatam.</strong></span> <span class='ocrx_word' id='word_1_139' title='bbox 861 3077 925 3156; x_wconf 77' lang='lat' dir='ltr'><strong>Ac,</strong></span> <span class='ocrx_word' id='word_1_140' title='bbox 945 3090 982 3147; x_wconf 93' lang='lat' dir='ltr'><strong>ut</strong></span> <span class='ocrx_word' id='word_1_141' title='bbox 1010 3072 1151 3147; x_wconf 88' lang='lat' dir='ltr'><strong>tandem</strong></span> 
     </span>
     <span class='ocr_line' id='line_1_23' title="bbox 299 3189 1153 3286; baseline -0.004 -21"><span class='ocrx_word' id='word_1_142' title='bbox 299 3189 573 3265; x_wconf 87' lang='lat' dir='ltr'><strong>meaconcludat</strong></span> <span class='ocrx_word' id='word_1_143' title='bbox 585 3189 707 3278; x_wconf 91' lang='lat' dir='ltr'><strong>oratio,</strong></span> <span class='ocrx_word' id='word_1_144' title='bbox 719 3189 782 3262; x_wconf 86' lang='lat' dir='ltr'><strong>luit</strong></span> <span class='ocrx_word' id='word_1_145' title='bbox 794 3191 865 3263; x_wconf 86' lang='lat' dir='ltr'><strong>Eva</strong></span> <span class='ocrx_word' id='word_1_146' title='bbox 878 3189 1015 3286; x_wconf 88' lang='lat' dir='ltr'><strong>peccati</strong></span> <span class='ocrx_word' id='word_1_147' title='bbox 1029 3213 1153 3263; x_wconf 89' lang='lat' dir='ltr'><strong>caussa</strong></span> 
     </span>
     <span class='ocr_line' id='line_1_24' title="bbox 299 3306 1152 3406; baseline -0.005 -25"><span class='ocrx_word' id='word_1_148' title='bbox 299 3324 404 3406; x_wconf 86' lang='lat' dir='ltr'><strong>atque</strong></span> <span class='ocrx_word' id='word_1_149' title='bbox 421 3308 630 3404; x_wconf 85' lang='lat' dir='ltr'><strong>exemplum,</strong></span> <span class='ocrx_word' id='word_1_150' title='bbox 647 3323 684 3380; x_wconf 92' lang='lat' dir='ltr'><strong>et</strong></span> <span class='ocrx_word' id='word_1_151' title='bbox 701 3306 734 3378; x_wconf 91' lang='lat' dir='ltr'><strong>in</strong></span> <span class='ocrx_word' id='word_1_152' title='bbox 751 3308 948 3404; x_wconf 87' lang='lat' dir='ltr'><strong>exemplum</strong></span> <span class='ocrx_word' id='word_1_153' title='bbox 966 3307 1152 3379; x_wconf 86' lang='lat' dir='ltr'><strong>vehemen-</strong></span> 
     </span>
    </p>
   </div>
   <div class='ocr_carea' id='block_1_3' title="bbox 347 3569 613 3636">
    <p class='ocr_par' dir='ltr' id='par_1_3' title="bbox 347 3569 613 3636">
     <span class='ocr_line' id='line_1_25' title="bbox 347 3569 613 3636; baseline 0 -17"><span class='ocrx_word' id='word_1_154' title='bbox 347 3570 398 3636; x_wconf 72' lang='grc' dir='ltr'><strong>(υ)</strong></span> <span class='ocrx_word' id='word_1_155' title='bbox 414 3569 613 3622; x_wconf 79' lang='lat' dir='ltr'><strong>concludatur?-</strong></span> 
     </span>
    </p>
   </div>
   <div class='ocr_carea' id='block_1_4' title="bbox 0 0 1414 4680">
    <p class='ocr_par' dir='ltr' id='par_1_4' title="bbox 0 0 1414 4680">
     <span class='ocr_line' id='line_1_26' title="bbox 0 0 1414 4680; baseline 0 0"><span class='ocrx_word' id='word_1_156' title='bbox 0 0 1414 4680; x_wconf 95' lang='lat' dir='ltr'><strong> </strong></span> 
     </span>
    </p>
   </div>
  </div>
 </body>
</html>
