<?xml version="1.0" encoding="UTF-8"?>
<!DOCTYPE html PUBLIC "-//W3C//DTD XHTML 1.0 Transitional//EN"
    "http://www.w3.org/TR/xhtml1/DTD/xhtml1-transitional.dtd">
<html xmlns="http://www.w3.org/1999/xhtml" xml:lang="en" lang="en">
 <head>
  <title>
</title>
<meta http-equiv="Content-Type" content="text/html;charset=utf-8" />
  <meta name='ocr-system' content='tesseract 3.04.00' />
  <meta name='ocr-capabilities' content='ocr_page ocr_carea ocr_par ocr_line ocrx_word'/>
</head>
<body>
  <div class='ocr_page' id='page_1' title='image "./isotnogarolvero01nogagoog/isotnogarolvero01nogagoog_0410.png"; bbox 0 0 2820 4680; ppageno 0'>
   <div class='ocr_carea' id='block_1_1' title="bbox 555 609 609 665">
    <p class='ocr_par' dir='ltr' id='par_1_1' title="bbox 555 609 609 665">
     <span class='ocr_line' id='line_1_1' title="bbox 555 609 609 665; baseline 0.019 -1"><span class='ocrx_word' id='word_1_1' title='bbox 555 609 609 665; x_wconf 82' lang='lat'>403</span> 
     </span>
    </p>
   </div>
   <div class='ocr_carea' id='block_1_2' title="bbox 154 758 1057 3399">
    <p class='ocr_par' dir='ltr' id='par_1_2' title="bbox 154 758 1057 3399">
     <span class='ocr_line' id='line_1_2' title="bbox 158 758 1011 858; baseline 0.002 -29"><span class='ocrx_word' id='word_1_2' title='bbox 158 759 423 831; x_wconf 79' lang='lat' dir='ltr'>Altercationem</span> <span class='ocrx_word' id='word_1_3' title='bbox 440 758 610 856; x_wconf 85' lang='lat' dir='ltr'>quandam</span> <span class='ocrx_word' id='word_1_4' title='bbox 627 758 660 830; x_wconf 91' lang='lat' dir='ltr'>id</span> <span class='ocrx_word' id='word_1_5' title='bbox 671 777 723 832; x_wconf 87' lang='lat' dir='ltr'>est</span> <span class='ocrx_word' id='word_1_6' title='bbox 733 759 914 858; x_wconf 85' lang='lat' dir='ltr'>dyalogum</span> <span class='ocrx_word' id='word_1_7' title='bbox 932 784 1011 833; x_wconf 92' lang='lat' dir='ltr'>cum</span> 
     </span>
     <span class='ocr_line' id='line_1_3' title="bbox 158 873 1012 972; baseline 0.005 -27"><span class='ocrx_word' id='word_1_8' title='bbox 158 873 249 946; x_wconf 87' lang='lat' dir='ltr'>urbis</span> <span class='ocrx_word' id='word_1_9' title='bbox 266 898 338 946; x_wconf 87' lang='lat' dir='ltr'>suae</span> <span class='ocrx_word' id='word_1_10' title='bbox 357 874 526 970; x_wconf 87' lang='lat' dir='ltr'>praesecto</span> <span class='ocrx_word' id='word_1_11' title='bbox 543 873 674 948; x_wconf 84' lang='lat' dir='ltr'>Aluisio</span> <span class='ocrx_word' id='word_1_12' title='bbox 693 877 721 947; x_wconf 88' lang='lat' dir='ltr'>F</span> <span class='ocrx_word' id='word_1_13' title='bbox 723 899 847 948; x_wconf 85' lang='lat' dir='ltr'>oscaro</span> <span class='ocrx_word' id='word_1_14' title='bbox 875 874 1012 972; x_wconf 89' lang='lat' dir='ltr'>patritio</span> 
     </span>
     <span class='ocr_line' id='line_1_4' title="bbox 157 988 1012 1089; baseline 0.007 -30"><span class='ocrx_word' id='word_1_15' title='bbox 157 992 305 1078; x_wconf 87' lang='lat' dir='ltr'>Veneto,</span> <span class='ocrx_word' id='word_1_16' title='bbox 326 988 398 1063; x_wconf 91' lang='lat' dir='ltr'>viro</span> <span class='ocrx_word' id='word_1_17' title='bbox 417 989 557 1087; x_wconf 84' lang='lat' dir='ltr'>egregie</span> <span class='ocrx_word' id='word_1_18' title='bbox 571 989 690 1064; x_wconf 89' lang='lat' dir='ltr'>litteris</span> <span class='ocrx_word' id='word_1_19' title='bbox 707 993 812 1080; x_wconf 86' lang='lat' dir='ltr'>culto,</span> <span class='ocrx_word' id='word_1_20' title='bbox 831 1017 902 1089; x_wconf 95' lang='lat' dir='ltr'>quo</span> <span class='ocrx_word' id='word_1_21' title='bbox 916 1016 1012 1089; x_wconf 86' lang='lat' dir='ltr'>quae-</span> 
     </span>
     <span class='ocr_line' id='line_1_5' title="bbox 158 1103 1013 1203; baseline 0.002 -27"><span class='ocrx_word' id='word_1_22' title='bbox 158 1104 264 1189; x_wconf 88' lang='lat' dir='ltr'>rebat,</span> <span class='ocrx_word' id='word_1_23' title='bbox 280 1120 387 1177; x_wconf 89' lang='lat' dir='ltr'>utrum</span> <span class='ocrx_word' id='word_1_24' title='bbox 402 1103 510 1178; x_wconf 82' lang='lat' dir='ltr'>Adam</span> <span class='ocrx_word' id='word_1_25' title='bbox 526 1108 781 1203; x_wconf 85' lang='lat' dir='ltr'>prothoplastus</span> <span class='ocrx_word' id='word_1_26' title='bbox 803 1123 920 1179; x_wconf 87' lang='lat' dir='ltr'>noster</span> <span class='ocrx_word' id='word_1_27' title='bbox 938 1107 1013 1203; x_wconf 84' lang='lat' dir='ltr'>plus</span> 
     </span>
     <span class='ocr_line' id='line_1_6' title="bbox 158 1219 1054 1317; baseline 0.002 -25"><span class='ocrx_word' id='word_1_28' title='bbox 158 1219 465 1317; x_wconf 89' lang='lat' dir='ltr'>peccaveritquam</span> <span class='ocrx_word' id='word_1_29' title='bbox 482 1222 552 1293; x_wconf 86' lang='lat' dir='ltr'>Eva</span> <span class='ocrx_word' id='word_1_30' title='bbox 561 1220 756 1294; x_wconf 86' lang='lat' dir='ltr'>mandatum</span> <span class='ocrx_word' id='word_1_31' title='bbox 766 1220 894 1294; x_wconf 91' lang='lat' dir='ltr'>domini</span> <span class='ocrx_word' id='word_1_32' title='bbox 906 1237 1012 1294; x_wconf 85' lang='lat' dir='ltr'>trans·</span> <span class='ocrx_word' id='word_1_33' title='bbox 1044 1251 1054 1302; x_wconf 82' lang='lat' dir='ltr'>t</span> 
     </span>
     <span class='ocr_line' id='line_1_7' title="bbox 156 1334 1012 1433; baseline 0.004 -27"><span class='ocrx_word' id='word_1_34' title='bbox 156 1334 359 1431; x_wconf 85' lang='lat' dir='ltr'>grediendo</span> <span class='ocrx_word' id='word_1_35' title='bbox 392 1338 426 1406; x_wconf 84' lang='lat' dir='ltr'>ln</span> <span class='ocrx_word' id='word_1_36' title='bbox 453 1361 524 1432; x_wconf 93' lang='lat' dir='ltr'>quo</span> <span class='ocrx_word' id='word_1_37' title='bbox 550 1335 689 1433; x_wconf 92' lang='lat' dir='ltr'>quidem</span> <span class='ocrx_word' id='word_1_38' title='bbox 718 1336 791 1433; x_wconf 88' lang='lat' dir='ltr'>ipsa</span> <span class='ocrx_word' id='word_1_39' title='bbox 821 1338 936 1424; x_wconf 86' lang='lat' dir='ltr'>Evam,</span> <span class='ocrx_word' id='word_1_40' title='bbox 955 1336 1012 1409; x_wconf 94' lang='lat' dir='ltr'>ille</span> 
     </span>
     <span class='ocr_line' id='line_1_8' title="bbox 158 1449 1012 1550; baseline 0.004 -29"><span class='ocrx_word' id='word_1_41' title='bbox 158 1449 267 1523; x_wconf 78' lang='lat' dir='ltr'>Adam</span> <span class='ocrx_word' id='word_1_42' title='bbox 295 1467 415 1523; x_wconf 90' lang='lat' dir='ltr'>tuetur.</span> <span class='ocrx_word' id='word_1_43' title='bbox 437 1449 548 1550; x_wconf 85' lang='lat' dir='ltr'>Quod</span> <span class='ocrx_word' id='word_1_44' title='bbox 576 1451 812 1549; x_wconf 81' lang='lat' dir='ltr'>peregregiam</span> <span class='ocrx_word' id='word_1_45' title='bbox 832 1475 915 1525; x_wconf 90' lang='lat' dir='ltr'>sane</span> <span class='ocrx_word' id='word_1_46' title='bbox 924 1476 1012 1548; x_wconf 90' lang='lat' dir='ltr'>opus</span> 
     </span>
     <span class='ocr_line' id='line_1_9' title="bbox 159 1565 1012 1665; baseline 0.004 -28"><span class='ocrx_word' id='word_1_47' title='bbox 159 1566 310 1663; x_wconf 91' lang='lat' dir='ltr'>pluribus</span> <span class='ocrx_word' id='word_1_48' title='bbox 344 1565 529 1641; x_wconf 88' lang='lat' dir='ltr'>admodum</span> <span class='ocrx_word' id='word_1_49' title='bbox 569 1569 695 1665; x_wconf 86' lang='lat' dir='ltr'>placet,</span> <span class='ocrx_word' id='word_1_50' title='bbox 731 1565 826 1664; x_wconf 93' lang='lat' dir='ltr'>quod</span> <span class='ocrx_word' id='word_1_51' title='bbox 865 1566 1012 1640; x_wconf 87' lang='lat' dir='ltr'>maxime</span> 
     </span>
     <span class='ocr_line' id='line_1_10' title="bbox 158 1682 1011 1781; baseline 0.002 -26"><span class='ocrx_word' id='word_1_52' title='bbox 158 1707 235 1755; x_wconf 92' lang='lat' dir='ltr'>cum</span> <span class='ocrx_word' id='word_1_53' title='bbox 264 1682 411 1780; x_wconf 89' lang='lat' dir='ltr'>quadam</span> <span class='ocrx_word' id='word_1_54' title='bbox 439 1709 527 1756; x_wconf 90' lang='lat' dir='ltr'>nova</span> <span class='ocrx_word' id='word_1_55' title='bbox 546 1683 721 1781; x_wconf 79' lang='lat' dir='ltr'>theologia</span> <span class='ocrx_word' id='word_1_56' title='bbox 739 1685 866 1757; x_wconf 91' lang='lat' dir='ltr'>cultum</span> <span class='ocrx_word' id='word_1_57' title='bbox 885 1700 921 1756; x_wconf 92' lang='lat' dir='ltr'>et</span> <span class='ocrx_word' id='word_1_58' title='bbox 937 1684 1011 1757; x_wconf 90' lang='lat' dir='ltr'>elo-</span> 
     </span>
     <span class='ocr_line' id='line_1_11' title="bbox 158 1797 1057 1896; baseline -0.007 -25"><span class='ocrx_word' id='word_1_59' title='bbox 158 1798 331 1896; x_wconf 89' lang='lat' dir='ltr'>quentiam</span> <span class='ocrx_word' id='word_1_60' title='bbox 359 1797 391 1869; x_wconf 91' lang='lat' dir='ltr'>in</span> <span class='ocrx_word' id='word_1_61' title='bbox 418 1824 463 1871; x_wconf 93' lang='lat' dir='ltr'>eo</span> <span class='ocrx_word' id='word_1_62' title='bbox 491 1797 645 1871; x_wconf 88' lang='lat' dir='ltr'>iunxerit.</span> <span class='ocrx_word' id='word_1_63' title='bbox 661 1800 696 1870; x_wconf 89' lang='lat' dir='ltr'>In</span> <span class='ocrx_word' id='word_1_64' title='bbox 710 1797 817 1871; x_wconf 90' lang='lat' dir='ltr'>veteri</span> <span class='ocrx_word' id='word_1_65' title='bbox 848 1823 1011 1896; x_wconf 91' lang='lat' dir='ltr'>novoque</span> <span class='ocrx_word' id='word_1_66' title='bbox 1028 1830 1057 1866; x_wconf 80' lang='grc' dir='ltr'>ιο</span> 
     </span>
     <span class='ocr_line' id='line_1_12' title="bbox 158 1911 1009 2003; baseline 0.002 -18"><span class='ocrx_word' id='word_1_67' title='bbox 158 1929 364 1987; x_wconf 88' lang='lat' dir='ltr'>testamento</span> <span class='ocrx_word' id='word_1_68' title='bbox 398 1911 583 1986; x_wconf 86' lang='lat' dir='ltr'>admodum</span> <span class='ocrx_word' id='word_1_69' title='bbox 625 1913 686 1986; x_wconf 90' lang='lat' dir='ltr'>suit</span> <span class='ocrx_word' id='word_1_70' title='bbox 716 1912 1009 2003; x_wconf 80' lang='lat' dir='ltr'>exercitatissima</span> 
     </span>
     <span class='ocr_line' id='line_1_13' title="bbox 157 2027 1011 2128; baseline 0.001 -26"><span class='ocrx_word' id='word_1_71' title='bbox 157 2029 248 2103; x_wconf 92' lang='lat' dir='ltr'>unde</span> <span class='ocrx_word' id='word_1_72' title='bbox 270 2047 305 2102; x_wconf 93' lang='lat' dir='ltr'>et</span> <span class='ocrx_word' id='word_1_73' title='bbox 327 2029 473 2128; x_wconf 87' lang='lat' dir='ltr'>biblyam</span> <span class='ocrx_word' id='word_1_74' title='bbox 502 2029 609 2102; x_wconf 86' lang='lat' dir='ltr'>serme</span> <span class='ocrx_word' id='word_1_75' title='bbox 628 2046 733 2102; x_wconf 90' lang='lat' dir='ltr'>totam</span> <span class='ocrx_word' id='word_1_76' title='bbox 752 2055 827 2103; x_wconf 85' lang='lat' dir='ltr'>eam</span> <span class='ocrx_word' id='word_1_77' title='bbox 847 2027 1011 2103; x_wconf 85' lang='lat' dir='ltr'>didicisse</span> 
     </span>
     <span class='ocr_line' id='line_1_14' title="bbox 159 2144 1010 2243; baseline 0 -25"><span class='ocrx_word' id='word_1_78' title='bbox 159 2162 304 2218; x_wconf 89' lang='lat' dir='ltr'>constat.</span> <span class='ocrx_word' id='word_1_79' title='bbox 327 2147 484 2242; x_wconf 88' lang='lat' dir='ltr'>Operum</span> <span class='ocrx_word' id='word_1_80' title='bbox 505 2161 673 2242; x_wconf 88' lang='lat' dir='ltr'>praeterea</span> <span class='ocrx_word' id='word_1_81' title='bbox 699 2162 860 2243; x_wconf 87' lang='lat' dir='ltr'>quattuor</span> <span class='ocrx_word' id='word_1_82' title='bbox 885 2144 1010 2218; x_wconf 87' lang='lat' dir='ltr'>docto-</span> 
     </span>
     <span class='ocr_line' id='line_1_15' title="bbox 156 2260 1009 2359; baseline -0.001 -26"><span class='ocrx_word' id='word_1_83' title='bbox 156 2287 227 2333; x_wconf 90' lang='lat' dir='ltr'>rum</span> <span class='ocrx_word' id='word_1_84' title='bbox 262 2279 367 2358; x_wconf 88' lang='lat' dir='ltr'>atque</span> <span class='ocrx_word' id='word_1_85' title='bbox 401 2261 541 2335; x_wconf 92' lang='lat' dir='ltr'>aliorum</span> <span class='ocrx_word' id='word_1_86' title='bbox 576 2287 680 2359; x_wconf 89' lang='lat' dir='ltr'>aeque</span> <span class='ocrx_word' id='word_1_87' title='bbox 709 2261 871 2335; x_wconf 85' lang='lat' dir='ltr'>studiosa</span> <span class='ocrx_word' id='word_1_88' title='bbox 915 2260 1009 2333; x_wconf 88' lang='lat' dir='ltr'>Nihil</span> 
     </span>
     <span class='ocr_line' id='line_1_16' title="bbox 158 2376 1053 2476; baseline -0.003 -28"><span class='ocrx_word' id='word_1_89' title='bbox 158 2378 263 2451; x_wconf 77' lang='lat' dir='ltr'>ferme</span> <span class='ocrx_word' id='word_1_90' title='bbox 277 2379 321 2450; x_wconf 90' lang='lat' dir='ltr'>ab</span> <span class='ocrx_word' id='word_1_91' title='bbox 335 2403 377 2450; x_wconf 90' lang='lat' dir='ltr'>ea</span> <span class='ocrx_word' id='word_1_92' title='bbox 390 2377 580 2468; x_wconf 84' lang='lat' dir='ltr'>dicebatur,</span> <span class='ocrx_word' id='word_1_93' title='bbox 599 2376 694 2476; x_wconf 94' lang='lat' dir='ltr'>quod</span> <span class='ocrx_word' id='word_1_94' title='bbox 714 2377 817 2476; x_wconf 89' lang='lat' dir='ltr'>patris</span> <span class='ocrx_word' id='word_1_95' title='bbox 833 2377 1010 2474; x_wconf 84' lang='lat' dir='ltr'>Augustini</span> <span class='ocrx_word' id='word_1_96' title='bbox 1028 2408 1053 2457; x_wconf 74' lang='grc' dir='ltr'>ις</span> 
     </span>
     <span class='ocr_line' id='line_1_17' title="bbox 156 2492 1010 2590; baseline 0.004 -26"><span class='ocrx_word' id='word_1_97' title='bbox 156 2492 352 2566; x_wconf 90' lang='lat' dir='ltr'>testimonio</span> <span class='ocrx_word' id='word_1_98' title='bbox 362 2519 430 2566; x_wconf 94' lang='lat' dir='ltr'>non</span> <span class='ocrx_word' id='word_1_99' title='bbox 444 2493 554 2566; x_wconf 89' lang='lat' dir='ltr'>statim</span> <span class='ocrx_word' id='word_1_100' title='bbox 573 2493 865 2590; x_wconf 86' lang='lat' dir='ltr'>comprobaretur.</span> <span class='ocrx_word' id='word_1_101' title='bbox 884 2492 1010 2567; x_wconf 92' lang='lat' dir='ltr'>Divum</span> 
     </span>
     <span class='ocr_line' id='line_1_18' title="bbox 155 2607 1012 2707; baseline 0.002 -26"><span class='ocrx_word' id='word_1_102' title='bbox 155 2607 256 2681; x_wconf 90' lang='lat' dir='ltr'>etiam</span> <span class='ocrx_word' id='word_1_103' title='bbox 275 2608 522 2707; x_wconf 87' lang='lat' dir='ltr'>Hieronymum</span> <span class='ocrx_word' id='word_1_104' title='bbox 537 2634 674 2706; x_wconf 86' lang='lat' dir='ltr'>semper</span> <span class='ocrx_word' id='word_1_105' title='bbox 692 2609 724 2681; x_wconf 94' lang='lat' dir='ltr'>in</span> <span class='ocrx_word' id='word_1_106' title='bbox 744 2609 897 2683; x_wconf 88' lang='lat' dir='ltr'>manibus</span> <span class='ocrx_word' id='word_1_107' title='bbox 915 2626 1012 2683; x_wconf 88' lang='lat' dir='ltr'>tene·</span> 
     </span>
     <span class='ocr_line' id='line_1_19' title="bbox 156 2724 1010 2823; baseline 0.001 -28"><span class='ocrx_word' id='word_1_108' title='bbox 156 2724 214 2797; x_wconf 90' lang='lat' dir='ltr'>bat</span> <span class='ocrx_word' id='word_1_109' title='bbox 231 2725 285 2797; x_wconf 91' lang='lat' dir='ltr'>vel</span> <span class='ocrx_word' id='word_1_110' title='bbox 304 2741 444 2821; x_wconf 90' lang='lat' dir='ltr'>propter</span> <span class='ocrx_word' id='word_1_111' title='bbox 466 2724 697 2823; x_wconf 89' lang='lat' dir='ltr'>eloquentiam</span> <span class='ocrx_word' id='word_1_112' title='bbox 724 2749 818 2798; x_wconf 87' lang='lat' dir='ltr'>suam</span> <span class='ocrx_word' id='word_1_113' title='bbox 837 2750 916 2821; x_wconf 87' lang='lat' dir='ltr'>quae</span> <span class='ocrx_word' id='word_1_114' title='bbox 934 2750 1010 2797; x_wconf 90' lang='lat' dir='ltr'>eam</span> 
     </span>
     <span class='ocr_line' id='line_1_20' title="bbox 155 2839 1012 2938; baseline 0.001 -26"><span class='ocrx_word' id='word_1_115' title='bbox 155 2839 362 2930; x_wconf 87' lang='lat' dir='ltr'>delectabat,</span> <span class='ocrx_word' id='word_1_116' title='bbox 381 2841 435 2913; x_wconf 91' lang='lat' dir='ltr'>vel</span> <span class='ocrx_word' id='word_1_117' title='bbox 453 2839 549 2938; x_wconf 91' lang='lat' dir='ltr'>quod</span> <span class='ocrx_word' id='word_1_118' title='bbox 567 2842 781 2938; x_wconf 90' lang='lat' dir='ltr'>pluraquam</span> <span class='ocrx_word' id='word_1_119' title='bbox 799 2839 906 2913; x_wconf 87' lang='lat' dir='ltr'>ceteri</span> <span class='ocrx_word' id='word_1_120' title='bbox 925 2839 1012 2913; x_wconf 93' lang='lat' dir='ltr'>doc·</span> 
     </span>
     <span class='ocr_line' id='line_1_21' title="bbox 156 2954 1057 3053; baseline -0.006 -27"><span class='ocrx_word' id='word_1_121' title='bbox 156 2971 248 3028; x_wconf 89' lang='lat' dir='ltr'>tores</span> <span class='ocrx_word' id='word_1_122' title='bbox 266 2954 310 3028; x_wconf 91' lang='lat' dir='ltr'>ad</span> <span class='ocrx_word' id='word_1_123' title='bbox 328 2971 463 3028; x_wconf 88' lang='lat' dir='ltr'>sanctas</span> <span class='ocrx_word' id='word_1_124' title='bbox 481 2955 648 3028; x_wconf 87' lang='lat' dir='ltr'>scriberet</span> <span class='ocrx_word' id='word_1_125' title='bbox 660 2954 816 3052; x_wconf 88' lang='lat' dir='ltr'>virgines.</span> <span class='ocrx_word' id='word_1_126' title='bbox 834 2957 916 3028; x_wconf 93' lang='lat' dir='ltr'>Non</span> <span class='ocrx_word' id='word_1_127' title='bbox 931 2980 1011 3053; x_wconf 90' lang='lat' dir='ltr'>pos-</span> <span class='ocrx_word' id='word_1_128' title='bbox 1026 2987 1057 3022; x_wconf 71' lang='grc' dir='ltr'>ιο</span> 
     </span>
     <span class='ocr_line' id='line_1_22' title="bbox 155 3068 1011 3168; baseline 0.001 -27"><span class='ocrx_word' id='word_1_129' title='bbox 155 3086 208 3142; x_wconf 88' lang='lat' dir='ltr'>set</span> <span class='ocrx_word' id='word_1_130' title='bbox 229 3068 391 3167; x_wconf 92' lang='lat' dir='ltr'>equidem</span> <span class='ocrx_word' id='word_1_131' title='bbox 414 3069 560 3144; x_wconf 89' lang='lat' dir='ltr'>enarrari</span> <span class='ocrx_word' id='word_1_132' title='bbox 579 3095 681 3168; x_wconf 89' lang='lat' dir='ltr'>quam</span> <span class='ocrx_word' id='word_1_133' title='bbox 699 3069 867 3144; x_wconf 75' lang='lat' dir='ltr'>absolutae</span> <span class='ocrx_word' id='word_1_134' title='bbox 892 3095 1011 3167; x_wconf 90' lang='lat' dir='ltr'>quam-</span> 
     </span>
     <span class='ocr_line' id='line_1_23' title="bbox 155 3185 1013 3283; baseline 0 -24"><span class='ocrx_word' id='word_1_135' title='bbox 155 3211 224 3283; x_wconf 92' lang='lat' dir='ltr'>que</span> <span class='ocrx_word' id='word_1_136' title='bbox 233 3202 480 3259; x_wconf 85' lang='lat' dir='ltr'>consummatae</span> <span class='ocrx_word' id='word_1_137' title='bbox 493 3185 662 3259; x_wconf 88' lang='lat' dir='ltr'>doctrinae</span> <span class='ocrx_word' id='word_1_138' title='bbox 676 3185 794 3258; x_wconf 87' lang='lat' dir='ltr'>suisset</span> <span class='ocrx_word' id='word_1_139' title='bbox 807 3186 884 3259; x_wconf 87' lang='lat' dir='ltr'>haec</span> <span class='ocrx_word' id='word_1_140' title='bbox 898 3187 1013 3259; x_wconf 84' lang='lat' dir='ltr'>lsotha</span> 
     </span>
     <span class='ocr_line' id='line_1_24' title="bbox 154 3301 1011 3399; baseline 0.004 -28"><span class='ocrx_word' id='word_1_141' title='bbox 154 3301 261 3399; x_wconf 87' lang='lat' dir='ltr'>virgo,</span> <span class='ocrx_word' id='word_1_142' title='bbox 289 3301 490 3399; x_wconf 89' lang='lat' dir='ltr'>peregregia</span> <span class='ocrx_word' id='word_1_143' title='bbox 512 3301 640 3374; x_wconf 87' lang='lat' dir='ltr'>mulier.</span> <span class='ocrx_word' id='word_1_144' title='bbox 662 3301 853 3375; x_wconf 73' lang='lat' dir='ltr'>praestabat</span> <span class='ocrx_word' id='word_1_145' title='bbox 869 3325 1011 3399; x_wconf 91' lang='lat' dir='ltr'>quoque</span> 
     </span>
    </p>
   </div>
   <div class='ocr_carea' id='block_1_3' title="bbox 154 3485 1009 3632">
    <p class='ocr_par' dir='ltr' id='par_1_3' title="bbox 154 3485 1009 3632">
     <span class='ocr_line' id='line_1_25' title="bbox 203 3485 1009 3551; baseline 0.004 -18"><span class='ocrx_word' id='word_1_146' title='bbox 203 3486 237 3549; x_wconf 79' lang='grc' dir='ltr'>(ι)</span> <span class='ocrx_word' id='word_1_147' title='bbox 254 3485 471 3550; x_wconf 75' lang='lat' dir='ltr'>tegtFoscareno.</span> <span class='ocrx_word' id='word_1_148' title='bbox 505 3486 555 3549; x_wconf 86' lang='lat'><em>(17)</em></span> <span class='ocrx_word' id='word_1_149' title='bbox 573 3487 597 3535; x_wconf 81' lang='lat' dir='ltr'>in</span> <span class='ocrx_word' id='word_1_150' title='bbox 614 3500 702 3536; x_wconf 77' lang='lat' dir='ltr'>manus</span> <span class='ocrx_word' id='word_1_151' title='bbox 718 3488 746 3536; x_wconf 83' lang='lat' dir='ltr'>E.</span> <span class='ocrx_word' id='word_1_152' title='bbox 780 3486 830 3551; x_wconf 81' lang='grc' dir='ltr'><strong>(ιι)</strong></span> <span class='ocrx_word' id='word_1_153' title='bbox 847 3487 963 3536; x_wconf 74' lang='lat' dir='ltr'>ennarari</span> <span class='ocrx_word' id='word_1_154' title='bbox 980 3489 1009 3536; x_wconf 79' lang='grc' dir='ltr'>Ε.</span> 
     </span>
     <span class='ocr_line' id='line_1_26' title="bbox 154 3565 613 3632; baseline 0.004 -18"><span class='ocrx_word' id='word_1_155' title='bbox 154 3565 273 3616; x_wconf 75' lang='lat' dir='ltr'>absolute</span> <span class='ocrx_word' id='word_1_156' title='bbox 290 3568 318 3615; x_wconf 76' lang='grc' dir='ltr'><strong>Ε</strong></span> <span class='ocrx_word' id='word_1_157' title='bbox 353 3565 403 3632; x_wconf 85' lang='grc' dir='ltr'><strong>(ιι)</strong></span> <span class='ocrx_word' id='word_1_158' title='bbox 419 3574 569 3616; x_wconf 72' lang='lat' dir='ltr'>consumme</span> <span class='ocrx_word' id='word_1_159' title='bbox 584 3568 613 3615; x_wconf 74' lang='grc' dir='ltr'><strong>Ε</strong></span> 
     </span>
    </p>
   </div>
   <div class='ocr_carea' id='block_1_4' title="bbox 857 3675 901 3720">
    <p class='ocr_par' dir='ltr' id='par_1_4' title="bbox 857 3675 901 3720">
     <span class='ocr_line' id='line_1_27' title="bbox 857 3675 901 3720; baseline 0 0"><span class='ocrx_word' id='word_1_160' title='bbox 857 3675 901 3720; x_wconf 78' lang='lat'>26&#39;</span> 
     </span>
    </p>
   </div>
   <div class='ocr_carea' id='block_1_5' title="bbox 0 0 1414 4680">
    <p class='ocr_par' dir='ltr' id='par_1_5' title="bbox 0 0 1414 4680">
     <span class='ocr_line' id='line_1_28' title="bbox 0 0 1414 4680; baseline 0 1"><span class='ocrx_word' id='word_1_161' title='bbox 0 0 1414 4680; x_wconf 95' lang='lat' dir='ltr'> </span> 
     </span>
    </p>
   </div>
  </div>
 </body>
</html>
