2820 4680
501 572 535 639 45

90 743 127 800 et
152 728 279 800 bonam
299 725 455 801 reddant.
484 729 621 801 Etcum
642 746 765 826 poetas
782 729 815 802 in
834 730 943 828 prima

89 858 194 917 aetate
211 840 449 917 adoctissimis
468 843 742 942 praeceptoribus
758 845 940 935 audiveris,

90 956 264 1032 voluisti..
278 1015 285 1030 .
298 1016 305 1030 .
319 982 378 1032 eas
387 959 589 1057 perquirere
599 958 808 1058 disciplinas,
817 961 941 1058 quibus

90 1071 222 1147 animus
239 1073 371 1172 optime
388 1074 531 1148 alendus
549 1090 652 1165 esset,
664 1075 853 1172 maiorique
871 1091 941 1150 stu-

92 1188 152 1263 dio
166 1213 267 1287 quam
283 1189 442 1288 Epicurei
456 1191 775 1289 voluptuosissimos
784 1193 941 1291 corporis
974 1225 983 1273 t

92 1360 214 1377 .....
234 1305 410 1403 prosecuti
424 1306 624 1397 scribantur,
643 1306 783 1381 dicendi
800 1333 940 1405 genere,

92 1446 164 1520 quo
191 1420 337 1494 maxime
354 1422 507 1513 excellis,
525 1421 710 1510 delectata,
728 1447 826 1497 sacra
847 1441 941 1522 post-

91 1560 137 1610 ea
152 1535 324 1610 volumina
341 1538 525 1635 complexa
541 1561 588 1611 es.
611 1539 692 1611 Non
707 1538 833 1636 vulgari
853 1539 943 1636 peri·

92 1651 151 1742 tia,
180 1650 242 1725 sed
264 1651 402 1726 assiduo
428 1653 799 1751 perspicacissimoque
828 1653 965 1727 studio'

93 1767 175 1841 nihil
188 1768 328 1842 omnino
343 1769 586 1866 praetermisisti
600 1769 695 1866 quod
713 1769 757 1844 ad
776 1770 940 1868 optimam
958 1801 988 1837 ιο

92 1885 173 1959 vitae
190 1884 370 1982 praesentis
388 1884 632 1959 institutionem
651 1904 687 1959 et
705 1885 849 1960 futuram
866 1888 942 1984 glo-

92 1998 176 2072 riam
209 1999 382 2097 pertinere
412 2000 626 2098 cognoveris.
660 2003 702 2074 Et
736 2026 941 2099 quamquam

92 2117 198 2188 multa
214 2115 348 2213 legeris,
364 2117 468 2189 multa
485 2115 702 2206 intellexeris,
721 2119 817 2214 plura
833 2117 942 2192 credo

93 2247 129 2304 te
155 2230 219 2329 piis
244 2230 455 2305 orationibus
480 2256 524 2305 ex
542 2249 663 2305 sancto
681 2232 798 2331 spiritu
817 2290 940 2307 .....

91 2345 201 2419 Aliter
213 2346 304 2419 enim
319 2346 390 2420 lieri
405 2373 473 2421 non
487 2364 618 2446 posset,
632 2348 728 2447 quod
744 2349 942 2448 gravissime
958 2380 984 2430 u

91 2461 250 2555 sentires,
276 2461 489 2537 ornatissime
515 2464 716 2561 loquereris,
743 2465 942 2562 locupletis-

92 2576 180 2651 sime
209 2601 287 2651 cum
317 2577 468 2651 omnium
502 2577 727 2653 admiratione
760 2579 940 2653 scriberes.

93 2695 200 2768 Soleo
241 2718 338 2791 saepe
379 2694 730 2792 praestantissimarum
765 2694 942 2768 mulierum

94 2808 250 2884 historias
284 2833 496 2907 percurrere.
534 2812 671 2884 Nullam
710 2809 942 2906 antiquissima

94 2926 151 2999 illa
186 2927 311 3015 Roma,
346 2951 426 3023 quae
451 2925 629 3024 imperium
660 2925 768 3014 terris,
794 2925 941 2999 animum
958 2958 988 2993 ιο

93 3039 244 3140 aequavit
269 3040 426 3139 Olimpo‚
455 3041 514 3115 tibi
540 3065 658 3140 parem
680 3039 800 3114 edidit.
821 3043 944 3115 Extant

93 3176 152 3233 tua
177 3157 305 3255 scripta
331 3156 412 3231 inde
439 3181 546 3254 usque
571 3158 617 3231 ab
641 3156 878 3232 adolescentia
907 3174 943 3231 et

93 3272 267 3349 teneriore
295 3289 400 3349 oetate
429 3271 534 3363 editu,
560 3272 594 3347 in
620 3273 744 3370 quibus
770 3272 941 3370 ingenium

140 3459 176 3525 (ι)
192 3459 283 3510 redunt
300 3459 330 3509 G
372 3458 487 3522 imprima
502 3457 532 3507 G
566 3456 601 3520 (ς)
618 3457 721 3520 Epicuri
739 3456 768 3507 G
803 3456 837 3519 (ὁ)
853 3470 940 3519 prose

93 3543 149 3607 quti
167 3541 197 3592 (ὲ
232 3541 266 3604 (9)
284 3539 553 3604 perspicatissiureque
570 3537 600 3589 C
634 3537 683 3602 (²3)
699 3537 814 3587 tenerior
828 3536 860 3587 C.
