2820 4680
657 597 707 664 ¹05

255 753 518 844 consuetudine,
547 779 627 850 quae
652 753 680 827 si
699 754 730 825 in
749 754 856 827 altera
885 768 982 850 parte
999 767 1106 825 trans·

256 870 393 960 feratur,
421 871 481 944 fiet
507 870 642 944 iustitiae
667 870 788 943 semita
806 868 901 944 lenis.
931 870 1014 942 Non
1032 893 1106 942 mo-

255 985 365 1060 vearis
382 1002 508 1077 tamen,
527 985 584 1084 pia
601 984 708 1082 virgo,
727 986 802 1083 plus
818 1009 925 1082 tequo
945 983 1107 1083 angustiis

256 1101 389 1176 nostris.
412 1100 588 1177 Admonet
606 1126 661 1176 me
679 1099 766 1174 deus
784 1099 1010 1199 praesentibus
1026 1125 1106 1197 sup·

258 1217 380 1315 pliciis,
395 1217 561 1315 increpat,
577 1217 719 1307 incusat,
729 1215 773 1290 ad
784 1215 982 1314 religionem
993 1232 1107 1306 vocat,
1139 1250 1149 1303 t

256 1358 299 1407 ne
325 1332 477 1408 deterius
502 1332 631 1429 aliquid
659 1332 738 1406 mihi
770 1331 957 1429 contingat.
991 1332 1107 1405 Levis-

255 1448 341 1523 sima
369 1465 447 1523 sunt
472 1451 551 1523 lraec
576 1466 612 1523 et
638 1448 765 1522 meritis
791 1448 876 1522 meis
902 1450 1006 1546 longe
1030 1472 1109 1522 sua·

256 1564 359 1638 viora.
387 1567 467 1638 Sum
495 1589 595 1639 verus
620 1564 722 1638 animi
749 1564 816 1637 mei
835 1563 949 1653 iudex,
968 1562 1107 1661 quando

255 1679 299 1755 ad
326 1705 382 1754 me
409 1680 518 1779 ipsum
545 1679 654 1754 redeo
679 1696 716 1754 et
741 1679 862 1754 mentis
881 1696 1007 1755 nostrre
1023 1682 1108 1754 late·

258 1798 334 1871 bras
364 1797 538 1895 perquiro.
575 1799 679 1893 Saepe
709 1798 787 1870 haec
817 1812 870 1871 est
900 1795 1108 1871 incredibilis
1125 1829 1154 1865 ιο

255 1911 375 1986 summi
394 1911 450 1986 dei
469 1911 714 2000 misericordia,
735 1928 769 1984 ut
786 1912 936 2009 corrigat
953 1929 988 1986 et
1006 1911 1107 1986 casti-

255 2044 326 2124 get,
355 2053 397 2101 ne
423 2027 614 2102 tarditatem
642 2027 800 2124 supplicii
826 2027 996 2125 gravitate
1010 2051 1107 2101 com·

217 2162 221 2169 ·
257 2160 388 2241 penset.
409 2145 541 2240 Aspera
559 2142 730 2217 medicina
747 2160 852 2217 sanat.
881 2145 982 2218 Tunc
1001 2143 1107 2241 potis-

256 2259 341 2332 sime
372 2275 509 2332 creator
541 2257 742 2343 laudandus,
777 2258 918 2356 quando
952 2258 1106 2348 fallimur,

257 2373 397 2471 quando
424 2399 493 2447 non
512 2391 627 2449 nostra
644 2373 707 2448 sed
726 2373 830 2471 ipsius
847 2377 1003 2448 voluntas
1020 2375 1058 2448 fit
1074 2375 1107 2446 in
1125 2408 1149 2458 ις

257 2492 347 2565 caelo
372 2507 408 2563 et
433 2489 466 2562 in
493 2507 591 2564 terra.
622 2490 753 2564 Periret
777 2515 883 2588 aeger,
901 2490 928 2564 si
947 2489 1027 2563 nihil
1044 2489 1108 2564 sibi

258 2604 494 2702 denegaretur.
523 2607 648 2678 Verum
676 2604 756 2703 quia
781 2623 815 2678 te
842 2630 965 2679 curae.
994 2661 1001 2676 .
1031 2604 1109 2676 ‚ni-

259 2720 361 2795 mium
388 2720 552 2811 cruciant,
571 2745 697 2819 ponam
724 2722 774 2795 ori
802 2747 882 2800 meo
904 2720 1108 2810 custodiam,

259 2837 421 2936 quoniam
436 2838 526 2911 malo
544 2839 637 2912 solus
655 2838 724 2934 pati
744 2861 846 2935 quam
865 2856 911 2926 te,
930 2863 1010 2935 quae
1028 2836 1108 2910 mibi

259 2953 432 3028 carissima
457 2978 506 3041 es,
535 2953 656 3027 nostris
674 2953 848 3028 laboribus
865 2952 989 3026 vexari.
1022 2952 1109 3026 Satis
1124 2992 1155 3027 20

258 3069 312 3160 sit,
338 3068 434 3167 quod
465 3069 525 3141 tibi
554 3069 620 3141 vim
651 3068 762 3157 affers,
798 3084 832 3142 te
866 3067 983 3158 vincis,
1016 3065 1109 3157 cibo,

259 3201 355 3282 potu,
382 3208 516 3274 somno,
542 3208 703 3258 sermone
720 3182 881 3273 abstines,
900 3182 1019 3282 vigiliis
1035 3208 1110 3257 om·

261 3300 370 3389 nibus,
397 3299 528 3373 ieiuniis
547 3357 668 3372 .....
688 3302 844 3397 Sequere
870 3316 1001 3397 partem
1020 3299 1110 3397 opti·

261 3440 361 3506 mam,
388 3438 490 3513 quam
522 3439 599 3489 cum
628 3416 741 3490 Maria
766 3414 911 3514 elegisti,
930 3441 1010 3514 quae
1041 3405 1124 3488 non'

259 3531 431 3606 auferetur
455 3556 476 3605 a
502 3549 545 3605 te.
580 3531 768 3607 Dominum
801 3530 916 3629 dilige,
934 3554 1112 3606 sermones
1126 3567 1152 3620 ις
