2820 4680
848 601 907 663 ²70

455 777 505 840 es,
535 753 710 850 explicere
744 771 859 851 queat.
907 702 999 856 Quis
1029 779 1098 829 non
1140 755 1307 885 intelligit,

456 884 583 996 quanta
608 892 701 958 cura
728 886 855 966 quanta
881 870 1154 946 delectationen
1178 870 1319 968 primis,

456 998 492 1057 ut
511 982 615 1074 aiunt,
639 983 827 1083 unguiculis
844 986 888 1060 ad
910 987 1001 1060 hunc
1021 1011 1129 1084 usque
1146 985 1308 1060 diemdi·

455 1098 557 1173 cendi
584 1116 691 1174 artem
717 1103 781 1175 sub
807 1102 966 1177 Guarino
987 1127 1079 1176 nunc
1094 1101 1322 1199 eloquentiae·

429 1243 439 1293 ι
456 1213 611 1312 principe
628 1217 810 1314 percipere
827 1237 972 1294 conatus
989 1218 1046 1308 sis,
1066 1234 1102 1291 ut
1119 1216 1164 1291 de
1182 1233 1217 1290 te
1235 1241 1307 1291 me·

456 1328 521 1404 rito
547 1329 615 1404 dici
643 1332 761 1428 possit,
784 1334 879 1430 quod
897 1333 943 1408 de
961 1333 1150 1424 Cicerone,
1171 1335 1307 1407 Dento-

454 1446 576 1520 sthene
602 1446 744 1543 aliisque
774 1449 1073 1524 innumerabilibus
1090 1448 1231 1524 dicebat
1247 1473 1307 1523 an·

454 1559 612 1658 tiquitas?
631 1564 720 1636 Nam
740 1563 863 1661 legisse
881 1565 1016 1638 memini
1029 1565 1306 1639 Demosthenem

455 1692 582 1749 tantarn
608 1678 640 1750 in
658 1678 907 1754 exercitatione
925 1678 1063 1755 dicendi
1080 1703 1223 1777 operam
1241 1703 1307 1777 po-

413 1822 442 1858 10
454 1791 573 1882 suisse,
601 1811 635 1867 ut
661 1795 764 1892 longe
790 1796 866 1892 plus
891 1795 959 1870 olei
988 1814 1022 1868 ut
1039 1795 1182 1883 videret,
1200 1813 1321 1892 quarn¹

456 1923 492 1981 ut
522 1907 656 1982 biberet
685 1909 751 1982 vini
781 1911 1042 2008 consumpserit.
1088 1912 1130 1984 Et
1158 1911 1186 1985 is
1211 1927 1306 1984 tanta

454 2023 615 2098 aviditate
641 2025 847 2100 rhetoricam
872 2051 910 2100 se
940 2026 1121 2125 arripuisse
1151 2041 1306 2116 testatur,

456 2155 491 2211 ut
517 2139 621 2213 nimio
647 2141 765 2214 labore
792 2142 847 2214 vix
872 2143 1006 2218 ossibus
1041 2146 1172 2218 haerere
1207 2142 1304 2217 vide·

455 2269 555 2327 retur.
587 2257 665 2330 llos
691 2255 791 2354 igitur
817 2273 892 2331 toto
909 2282 1010 2332 cursu
1029 2258 1148 2332 imitari
1166 2258 1305 2349 curasti,

412 2397 437 2447 n
455 2366 646 2466 intelligens
672 2373 760 2445 hanc
787 2372 820 2444 in
845 2396 891 2446 eo
916 2397 994 2448 esse
1020 2398 1089 2447 non
1115 2398 1219 2471 posse
1245 2373 1305 2470 qui

453 2483 541 2559 vitiis
566 2484 710 2561 refertus
735 2487 778 2561 sit
802 2506 839 2561 et
864 2487 967 2578 illum,
995 2507 1030 2562 ut
1054 2490 1158 2580 aiunt,
1173 2487 1306 2564 facilius

453 2598 498 2673 ad
507 2600 717 2696 eloquentiae
736 2603 1304 2701 magnitudinemseseacoonrmo-
1372 2657 1376 2664 -

453 2714 537 2789 dare
563 2715 621 2812 qui
640 2717 721 2790 boni
740 2718 800 2791 viri
819 2743 944 2794 nomen
962 2719 1109 2817 adeptus
1125 2720 1178 2794 sit.
1200 2721 1242 2793 Et
1259 2744 1304 2793 ne

455 2831 523 2904 hoc
552 2831 745 2907 adulatorio
775 2860 872 2908 more
898 2835 1028 2932 fingere
1052 2834 1180 2926 videar,
1208 2834 1304 2910 testis

410 2975 441 3012 ιο
452 2962 506 3020 est
531 2947 704 3023 Guarinus
730 2948 816 3046 ipse,
833 2950 927 3047 apud
943 2974 1047 3047 quent
1065 2951 1112 3024 ita
1127 2949 1249 3040 vixisti,
1268 2966 1306 3024 ut

499 3245 534 3309 (ι)
551 3256 662 3308 queatur
678 3247 708 3297 c
744 3247 809 3311 (M)
826 3247 930 3298 dicendi
946 3256 1027 3298 artem
1042 3262 1089 3298 ont.
1112 3249 1140 3298 T.
1170 3248 1302 3314 (4)aloqu.

453 3339 520 3376 nunc
545 3326 572 3375 Ὶῖ
614 3326 648 3390 (ς)
668 3327 700 3376 sit
723 3327 752 3377 G
788 3327 822 3391 (o)
840 3328 896 3379 Cic.
913 3342 960 3378 ont.
981 3330 1008 3378 'R
1043 3328 1078 3392 (8)
1097 3330 1146 3378 laur
1163 3330 1213 3393 leg.
1231 3329 1301 3378 codd,

454 3404 504 3467 (ιι)
531 3407 689 3469 consumpsit
714 3407 743 3457 c
800 3408 830 3470 is]
855 3409 951 3460 Cicero
987 3410 1013 3459 'R
1070 3410 1120 3474 (ra)
1147 3411 1243 3460 rethor.
1270 3410 1301 3460 C.

454 3484 505 3548 (ι4)
521 3493 591 3535 tanto
609 3486 639 3535 G
673 3484 885 3550 (rolrelectuac
919 3488 1024 3539 illanc
1058 3488 1304 3553 (untalaoomodc-

453 3565 537 3615 rete
572 3564 689 3629 (tolbec
709 3567 737 3616 Τ.
771 3564 968 3630 (ιο)ἰιιιίιιια
