<?xml version="1.0" encoding="UTF-8"?>
<!DOCTYPE html PUBLIC "-//W3C//DTD XHTML 1.0 Transitional//EN"
    "http://www.w3.org/TR/xhtml1/DTD/xhtml1-transitional.dtd">
<html xmlns="http://www.w3.org/1999/xhtml" xml:lang="en" lang="en">
 <head>
  <title>
</title>
<meta http-equiv="Content-Type" content="text/html;charset=utf-8" />
  <meta name='ocr-system' content='tesseract 3.04.00' />
  <meta name='ocr-capabilities' content='ocr_page ocr_carea ocr_par ocr_line ocrx_word'/>
</head>
<body>
  <div class='ocr_page' id='page_1' title='image "./isotnogarolvero01nogagoog/isotnogarolvero01nogagoog_0450.png"; bbox 0 0 2820 4680; ppageno 0'>
   <div class='ocr_carea' id='block_1_1' title="bbox 657 605 712 667">
    <p class='ocr_par' dir='ltr' id='par_1_1' title="bbox 657 605 712 667">
     <span class='ocr_line' id='line_1_1' title="bbox 657 605 712 667; baseline 0.055 -3"><span class='ocrx_word' id='word_1_1' title='bbox 657 605 712 667; x_wconf 77' lang='lat'>443</span> 
     </span>
    </p>
   </div>
   <div class='ocr_carea' id='block_1_2' title="bbox 254 757 1154 2590">
    <p class='ocr_par' dir='ltr' id='par_1_2' title="bbox 254 757 1154 2590">
     <span class='ocr_line' id='line_1_2' title="bbox 257 757 1110 858; baseline 0.002 -28"><span class='ocrx_word' id='word_1_2' title='bbox 257 783 299 832; x_wconf 85' lang='lat' dir='ltr'>ac</span> <span class='ocrx_word' id='word_1_3' title='bbox 317 758 344 831; x_wconf 92' lang='lat' dir='ltr'>si</span> <span class='ocrx_word' id='word_1_4' title='bbox 355 757 442 832; x_wconf 88' lang='lat' dir='ltr'>deus</span> <span class='ocrx_word' id='word_1_5' title='bbox 451 757 590 858; x_wconf 86' lang='lat' dir='ltr'>quidam</span> <span class='ocrx_word' id='word_1_6' title='bbox 601 761 829 834; x_wconf 87' lang='lat' dir='ltr'>essesecaelo</span> <span class='ocrx_word' id='word_1_7' title='bbox 838 762 953 857; x_wconf 81' lang='lat' dir='ltr'>lapsus</span> <span class='ocrx_word' id='word_1_8' title='bbox 962 762 1110 858; x_wconf 86' lang='lat' dir='ltr'>haecque</span> 
     </span>
     <span class='ocr_line' id='line_1_3' title="bbox 256 873 1110 965; baseline 0.002 -19"><span class='ocrx_word' id='word_1_9' title='bbox 256 897 340 947; x_wconf 83' lang='lat' dir='ltr'>cura</span> <span class='ocrx_word' id='word_1_10' title='bbox 365 873 456 948; x_wconf 86' lang='lat' dir='ltr'>haud</span> <span class='ocrx_word' id='word_1_11' title='bbox 482 873 587 948; x_wconf 90' lang='lat' dir='ltr'>dubie</span> <span class='ocrx_word' id='word_1_12' title='bbox 613 873 688 964; x_wconf 88' lang='lat' dir='ltr'>erit,</span> <span class='ocrx_word' id='word_1_13' title='bbox 717 892 752 948; x_wconf 92' lang='lat' dir='ltr'>ut</span> <span class='ocrx_word' id='word_1_14' title='bbox 777 892 841 965; x_wconf 88' lang='lat' dir='ltr'>est,</span> <span class='ocrx_word' id='word_1_15' title='bbox 870 875 971 951; x_wconf 82' lang='lat' dir='ltr'>infixa</span> <span class='ocrx_word' id='word_1_16' title='bbox 995 875 1110 949; x_wconf 85' lang='lat' dir='ltr'>animo</span> 
     </span>
     <span class='ocr_line' id='line_1_4' title="bbox 257 989 1110 1088; baseline 0.002 -27"><span class='ocrx_word' id='word_1_17' title='bbox 257 1014 336 1062; x_wconf 91' lang='lat' dir='ltr'>meo</span> <span class='ocrx_word' id='word_1_18' title='bbox 361 989 578 1087; x_wconf 87' lang='lat' dir='ltr'>sempiterna.</span> <span class='ocrx_word' id='word_1_19' title='bbox 610 989 774 1086; x_wconf 86' lang='lat' dir='ltr'>Denique</span> <span class='ocrx_word' id='word_1_20' title='bbox 799 989 828 1063; x_wconf 89' lang='lat' dir='ltr'>si</span> <span class='ocrx_word' id='word_1_21' title='bbox 846 990 964 1088; x_wconf 87' lang='lat' dir='ltr'>quain</span> <span class='ocrx_word' id='word_1_22' title='bbox 986 1015 1023 1064; x_wconf 94' lang='lat' dir='ltr'>re</span> <span class='ocrx_word' id='word_1_23' title='bbox 1042 991 1110 1064; x_wconf 79' lang='lat' dir='ltr'>ior·</span> 
     </span>
     <span class='ocr_line' id='line_1_5' title="bbox 256 1104 1108 1205; baseline -0.001 -27"><span class='ocrx_word' id='word_1_24' title='bbox 256 1104 354 1179; x_wconf 82' lang='lat' dir='ltr'>tassis</span> <span class='ocrx_word' id='word_1_25' title='bbox 380 1130 463 1203; x_wconf 85' lang='lat' dir='ltr'>erga</span> <span class='ocrx_word' id='word_1_26' title='bbox 480 1121 515 1178; x_wconf 90' lang='lat' dir='ltr'>te</span> <span class='ocrx_word' id='word_1_27' title='bbox 532 1107 654 1179; x_wconf 88' lang='lat' dir='ltr'>nolens</span> <span class='ocrx_word' id='word_1_28' title='bbox 671 1104 801 1203; x_wconf 86' lang='lat' dir='ltr'>deliqui</span> <span class='ocrx_word' id='word_1_29' title='bbox 830 1121 935 1204; x_wconf 85' lang='lat' dir='ltr'>atque</span> <span class='ocrx_word' id='word_1_30' title='bbox 953 1106 1108 1205; x_wconf 80' lang='lat' dir='ltr'>peccavi,</span> 
     </span>
     <span class='ocr_line' id='line_1_6' title="bbox 255 1220 1152 1319; baseline 0.001 -26"><span class='ocrx_word' id='word_1_31' title='bbox 255 1222 401 1318; x_wconf 86' lang='lat' dir='ltr'>supplex</span> <span class='ocrx_word' id='word_1_32' title='bbox 426 1245 448 1294; x_wconf 80' lang='lat' dir='ltr'>a</span> <span class='ocrx_word' id='word_1_33' title='bbox 473 1238 508 1295; x_wconf 92' lang='lat' dir='ltr'>te</span> <span class='ocrx_word' id='word_1_34' title='bbox 526 1220 658 1294; x_wconf 86' lang='lat' dir='ltr'>veniam</span> <span class='ocrx_word' id='word_1_35' title='bbox 678 1238 761 1319; x_wconf 92' lang='lat' dir='ltr'>peto</span> <span class='ocrx_word' id='word_1_36' title='bbox 791 1238 827 1295; x_wconf 98' lang='lat' dir='ltr'>et</span> <span class='ocrx_word' id='word_1_37' title='bbox 845 1220 1002 1319; x_wconf 87' lang='lat' dir='ltr'>imploro,</span> <span class='ocrx_word' id='word_1_38' title='bbox 1021 1245 1110 1319; x_wconf 84' lang='lat' dir='ltr'>prae-</span> <span class='ocrx_word' id='word_1_39' title='bbox 1141 1251 1152 1304; x_wconf 80' lang='grc' dir='ltr'><strong>ς</strong></span> 
     </span>
     <span class='ocr_line' id='line_1_7' title="bbox 256 1335 1111 1433; baseline 0.001 -25"><span class='ocrx_word' id='word_1_40' title='bbox 256 1335 370 1409; x_wconf 89' lang='lat' dir='ltr'>sertim</span> <span class='ocrx_word' id='word_1_41' title='bbox 385 1335 525 1433; x_wconf 83' lang='lat' dir='ltr'>quando</span> <span class='ocrx_word' id='word_1_42' title='bbox 539 1354 572 1410; x_wconf 86' lang='lat' dir='ltr'>tu</span> <span class='ocrx_word' id='word_1_43' title='bbox 588 1336 668 1409; x_wconf 91' lang='lat' dir='ltr'>mihi</span> <span class='ocrx_word' id='word_1_44' title='bbox 682 1353 786 1410; x_wconf 86' lang='lat' dir='ltr'>tantae</span> <span class='ocrx_word' id='word_1_45' title='bbox 799 1361 892 1410; x_wconf 85' lang='lat' dir='ltr'>curte</span> <span class='ocrx_word' id='word_1_46' title='bbox 905 1361 954 1426; x_wconf 83' lang='lat' dir='ltr'>es,</span> <span class='ocrx_word' id='word_1_47' title='bbox 969 1354 1005 1410; x_wconf 90' lang='lat' dir='ltr'>ut</span> <span class='ocrx_word' id='word_1_48' title='bbox 1018 1335 1111 1410; x_wconf 87' lang='lat' dir='ltr'>horis</span> 
     </span>
     <span class='ocr_line' id='line_1_8' title="bbox 255 1449 1108 1552; baseline 0.002 -30"><span class='ocrx_word' id='word_1_49' title='bbox 255 1449 393 1548; x_wconf 87' lang='lat' dir='ltr'>singulis</span> <span class='ocrx_word' id='word_1_50' title='bbox 411 1468 537 1525; x_wconf 83' lang='lat' dir='ltr'>moestn</span> <span class='ocrx_word' id='word_1_51' title='bbox 553 1476 596 1525; x_wconf 85' lang='lat' dir='ltr'>ac</span> <span class='ocrx_word' id='word_1_52' title='bbox 613 1451 763 1549; x_wconf 87' lang='lat' dir='ltr'>lugubris</span> <span class='ocrx_word' id='word_1_53' title='bbox 781 1451 840 1525; x_wconf 93' lang='lat' dir='ltr'>tibi</span> <span class='ocrx_word' id='word_1_54' title='bbox 858 1468 998 1552; x_wconf 86' lang='lat' dir='ltr'>tuaeque</span> <span class='ocrx_word' id='word_1_55' title='bbox 1010 1451 1108 1526; x_wconf 81' lang='lat' dir='ltr'>saluti</span> 
     </span>
     <span class='ocr_line' id='line_1_9' title="bbox 257 1565 1109 1665; baseline 0.004 -28"><span class='ocrx_word' id='word_1_56' title='bbox 257 1565 405 1656; x_wconf 86' lang='lat' dir='ltr'>timeam,</span> <span class='ocrx_word' id='word_1_57' title='bbox 423 1566 523 1640; x_wconf 81' lang='lat' dir='ltr'>etita</span> <span class='ocrx_word' id='word_1_58' title='bbox 540 1566 689 1657; x_wconf 83' lang='lat' dir='ltr'>timeam,</span> <span class='ocrx_word' id='word_1_59' title='bbox 708 1584 744 1640; x_wconf 91' lang='lat' dir='ltr'>ut</span> <span class='ocrx_word' id='word_1_60' title='bbox 769 1569 971 1665; x_wconf 87' lang='lat' dir='ltr'>plerumque</span> <span class='ocrx_word' id='word_1_61' title='bbox 996 1566 1030 1638; x_wconf 93' lang='lat' dir='ltr'>in</span> <span class='ocrx_word' id='word_1_62' title='bbox 1047 1566 1109 1640; x_wconf 81' lang='lat' dir='ltr'>nd·</span> 
     </span>
     <span class='ocr_line' id='line_1_10' title="bbox 256 1681 1105 1756; baseline 0.005 -4"><span class='ocrx_word' id='word_1_63' title='bbox 256 1707 386 1756; x_wconf 84' lang='lat' dir='ltr'>versam</span> <span class='ocrx_word' id='word_1_64' title='bbox 421 1681 649 1756; x_wconf 87' lang='lat' dir='ltr'>valetudinem</span> <span class='ocrx_word' id='word_1_65' title='bbox 689 1681 837 1756; x_wconf 86' lang='lat' dir='ltr'>incidam</span> <span class='ocrx_word' id='word_1_66' title='bbox 872 1683 915 1756; x_wconf 91' lang='lat' dir='ltr'>sit</span> <span class='ocrx_word' id='word_1_67' title='bbox 950 1707 1105 1756; x_wconf 91' lang='lat' dir='ltr'>necesse.</span> 
     </span>
     <span class='ocr_line' id='line_1_11' title="bbox 255 1797 1154 1897; baseline -0.004 -28"><span class='ocrx_word' id='word_1_68' title='bbox 255 1798 359 1872; x_wconf 87' lang='lat' dir='ltr'>Venit</span> <span class='ocrx_word' id='word_1_69' title='bbox 377 1797 493 1889; x_wconf 89' lang='lat' dir='ltr'>hodie,</span> <span class='ocrx_word' id='word_1_70' title='bbox 512 1813 694 1897; x_wconf 82' lang='lat' dir='ltr'>postquam</span> <span class='ocrx_word' id='word_1_71' title='bbox 714 1797 779 1873; x_wconf 82' lang='lat' dir='ltr'>iam</span> <span class='ocrx_word' id='word_1_72' title='bbox 798 1800 902 1872; x_wconf 84' lang='lat' dir='ltr'>multa</span> <span class='ocrx_word' id='word_1_73' title='bbox 931 1797 1006 1871; x_wconf 90' lang='lat' dir='ltr'>dies</span> <span class='ocrx_word' id='word_1_74' title='bbox 1023 1815 1106 1879; x_wconf 81' lang='lat' dir='ltr'>erat,</span> <span class='ocrx_word' id='word_1_75' title='bbox 1125 1830 1154 1866; x_wconf 80' lang='grc' dir='ltr'>ιο</span> 
     </span>
     <span class='ocr_line' id='line_1_12' title="bbox 256 1913 1107 2012; baseline 0 -24"><span class='ocrx_word' id='word_1_76' title='bbox 256 1940 342 2012; x_wconf 92' lang='lat' dir='ltr'>puer</span> <span class='ocrx_word' id='word_1_77' title='bbox 368 1932 444 1989; x_wconf 85' lang='lat' dir='ltr'>tuus</span> <span class='ocrx_word' id='word_1_78' title='bbox 469 1932 592 2012; x_wconf 89' lang='lat' dir='ltr'>petens</span> <span class='ocrx_word' id='word_1_79' title='bbox 609 1929 669 1987; x_wconf 91' lang='lat' dir='ltr'>tuo</span> <span class='ocrx_word' id='word_1_80' title='bbox 687 1913 826 1988; x_wconf 85' lang='lat' dir='ltr'>nomine</span> <span class='ocrx_word' id='word_1_81' title='bbox 851 1913 1019 2003; x_wconf 85' lang='lat' dir='ltr'>tunicam;</span> <span class='ocrx_word' id='word_1_82' title='bbox 1039 1939 1107 2011; x_wconf 88' lang='lat' dir='ltr'>ego</span> 
     </span>
     <span class='ocr_line' id='line_1_13' title="bbox 256 2029 1107 2128; baseline -0.001 -26"><span class='ocrx_word' id='word_1_83' title='bbox 256 2030 449 2120; x_wconf 84' lang='lat' dir='ltr'>confestim,</span> <span class='ocrx_word' id='word_1_84' title='bbox 481 2047 517 2104; x_wconf 91' lang='lat' dir='ltr'>ut</span> <span class='ocrx_word' id='word_1_85' title='bbox 545 2052 682 2103; x_wconf 91' lang='lat' dir='ltr'>omnem</span> <span class='ocrx_word' id='word_1_86' title='bbox 715 2054 851 2127; x_wconf 89' lang='lat' dir='ltr'>prorsus</span> <span class='ocrx_word' id='word_1_87' title='bbox 875 2029 1107 2128; x_wconf 85' lang='lat' dir='ltr'>suspicionem</span> 
     </span>
     <span class='ocr_line' id='line_1_14' title="bbox 256 2143 1107 2242; baseline 0.001 -25"><span class='ocrx_word' id='word_1_88' title='bbox 256 2147 423 2235; x_wconf 86' lang='lat' dir='ltr'>tollerem,</span> <span class='ocrx_word' id='word_1_89' title='bbox 450 2144 613 2218; x_wconf 86' lang='lat' dir='ltr'>arcessita</span> <span class='ocrx_word' id='word_1_90' title='bbox 641 2143 816 2235; x_wconf 85' lang='lat' dir='ltr'>Kandida,</span> <span class='ocrx_word' id='word_1_91' title='bbox 834 2170 914 2242; x_wconf 88' lang='lat' dir='ltr'>quae</span> <span class='ocrx_word' id='word_1_92' title='bbox 939 2163 992 2219; x_wconf 88' lang='lat' dir='ltr'>est</span> <span class='ocrx_word' id='word_1_93' title='bbox 1007 2170 1107 2242; x_wconf 84' lang='lat' dir='ltr'>gran-</span> 
     </span>
     <span class='ocr_line' id='line_1_15' title="bbox 256 2259 1107 2360; baseline -0.001 -27"><span class='ocrx_word' id='word_1_94' title='bbox 256 2260 333 2334; x_wconf 87' lang='lat' dir='ltr'>dior</span> <span class='ocrx_word' id='word_1_95' title='bbox 358 2279 435 2336; x_wconf 85' lang='lat' dir='ltr'>natu</span> <span class='ocrx_word' id='word_1_96' title='bbox 463 2259 600 2359; x_wconf 86' lang='lat' dir='ltr'>(loquor</span> <span class='ocrx_word' id='word_1_97' title='bbox 620 2260 666 2334; x_wconf 89' lang='lat' dir='ltr'>de</span> <span class='ocrx_word' id='word_1_98' title='bbox 692 2262 758 2350; x_wconf 85' lang='lat' dir='ltr'>illa,</span> <span class='ocrx_word' id='word_1_99' title='bbox 777 2286 857 2360; x_wconf 89' lang='lat' dir='ltr'>quae</span> <span class='ocrx_word' id='word_1_100' title='bbox 887 2261 1025 2360; x_wconf 88' lang='lat' dir='ltr'>reliquis</span> <span class='ocrx_word' id='word_1_101' title='bbox 1042 2261 1107 2333; x_wconf 89' lang='lat' dir='ltr'>vir-</span> 
     </span>
     <span class='ocr_line' id='line_1_16' title="bbox 254 2375 1148 2475; baseline -0.003 -28"><span class='ocrx_word' id='word_1_102' title='bbox 254 2376 389 2473; x_wconf 84' lang='lat' dir='ltr'>ginibus</span> <span class='ocrx_word' id='word_1_103' title='bbox 407 2377 543 2474; x_wconf 89' lang='lat' dir='ltr'>praeest)</span> <span class='ocrx_word' id='word_1_104' title='bbox 560 2395 690 2450; x_wconf 89' lang='lat' dir='ltr'>vestem</span> <span class='ocrx_word' id='word_1_105' title='bbox 708 2378 829 2450; x_wconf 89' lang='lat' dir='ltr'>lubens</span> <span class='ocrx_word' id='word_1_106' title='bbox 845 2402 954 2475; x_wconf 86' lang='lat' dir='ltr'>puero</span> <span class='ocrx_word' id='word_1_107' title='bbox 971 2375 1105 2450; x_wconf 85' lang='lat' dir='ltr'>tradidi.</span> <span class='ocrx_word' id='word_1_108' title='bbox 1123 2407 1148 2459; x_wconf 79' lang='grc' dir='ltr'>ις</span> 
     </span>
     <span class='ocr_line' id='line_1_17' title="bbox 256 2490 1104 2590; baseline 0 -27"><span class='ocrx_word' id='word_1_109' title='bbox 256 2492 432 2565; x_wconf 86' lang='lat' dir='ltr'>Caeterum</span> <span class='ocrx_word' id='word_1_110' title='bbox 452 2491 490 2582; x_wconf 87' lang='lat' dir='ltr'>is,</span> <span class='ocrx_word' id='word_1_111' title='bbox 509 2492 555 2565; x_wconf 92' lang='lat' dir='ltr'>uti</span> <span class='ocrx_word' id='word_1_112' title='bbox 581 2490 673 2566; x_wconf 90' lang='lat' dir='ltr'>rudis</span> <span class='ocrx_word' id='word_1_113' title='bbox 698 2510 801 2589; x_wconf 85' lang='lat' dir='ltr'>atque</span> <span class='ocrx_word' id='word_1_114' title='bbox 828 2491 962 2590; x_wconf 89' lang='lat' dir='ltr'>penitus</span> <span class='ocrx_word' id='word_1_115' title='bbox 988 2494 1104 2566; x_wconf 86' lang='lat' dir='ltr'>harum</span> 
     </span>
    </p>
   </div>
   <div class='ocr_carea' id='block_1_3' title="bbox 255 2606 1152 3284">
    <p class='ocr_par' dir='ltr' id='par_1_3' title="bbox 255 2606 1152 3284">
     <span class='ocr_line' id='line_1_18' title="bbox 255 2606 1104 2706; baseline 0.001 -27"><span class='ocrx_word' id='word_1_116' title='bbox 255 2631 365 2680; x_wconf 87' lang='lat' dir='ltr'>rerum</span> <span class='ocrx_word' id='word_1_117' title='bbox 396 2632 532 2705; x_wconf 84' lang='lat' dir='ltr'>expers,</span> <span class='ocrx_word' id='word_1_118' title='bbox 564 2608 680 2706; x_wconf 93' lang='lat' dir='ltr'>inepte</span> <span class='ocrx_word' id='word_1_119' title='bbox 709 2626 745 2682; x_wconf 93' lang='lat' dir='ltr'>et</span> <span class='ocrx_word' id='word_1_120' title='bbox 774 2611 887 2699; x_wconf 87' lang='lat' dir='ltr'>stulte,</span> <span class='ocrx_word' id='word_1_121' title='bbox 919 2633 962 2682; x_wconf 92' lang='lat' dir='ltr'>ne</span> <span class='ocrx_word' id='word_1_122' title='bbox 992 2606 1104 2681; x_wconf 81' lang='lat' dir='ltr'>dicam</span> 
     </span>
     <span class='ocr_line' id='line_1_19' title="bbox 257 2722 1104 2820; baseline 0 -25"><span class='ocrx_word' id='word_1_123' title='bbox 257 2748 374 2820; x_wconf 86' lang='lat' dir='ltr'>parum</span> <span class='ocrx_word' id='word_1_124' title='bbox 397 2723 627 2814; x_wconf 81' lang='lat' dir='ltr'>considerate,</span> <span class='ocrx_word' id='word_1_125' title='bbox 647 2750 715 2798; x_wconf 95' lang='lat' dir='ltr'>non</span> <span class='ocrx_word' id='word_1_126' title='bbox 730 2723 895 2798; x_wconf 86' lang='lat' dir='ltr'>dubitavit</span> <span class='ocrx_word' id='word_1_127' title='bbox 908 2722 1026 2797; x_wconf 89' lang='lat' dir='ltr'>dicere</span> <span class='ocrx_word' id='word_1_128' title='bbox 1040 2723 1104 2797; x_wconf 91' lang='lat' dir='ltr'>sibi</span> 
     </span>
     <span class='ocr_line' id='line_1_20' title="bbox 255 2838 1104 2938; baseline 0.002 -27"><span class='ocrx_word' id='word_1_129' title='bbox 255 2840 317 2912; x_wconf 85' lang='lat' dir='ltr'>abs</span> <span class='ocrx_word' id='word_1_130' title='bbox 327 2856 361 2912; x_wconf 91' lang='lat' dir='ltr'>te</span> <span class='ocrx_word' id='word_1_131' title='bbox 375 2838 559 2913; x_wconf 89' lang='lat' dir='ltr'>iniunctum</span> <span class='ocrx_word' id='word_1_132' title='bbox 574 2855 679 2938; x_wconf 85' lang='lat' dir='ltr'>atque</span> <span class='ocrx_word' id='word_1_133' title='bbox 693 2838 899 2930; x_wconf 81' lang='lat' dir='ltr'>mandatum,</span> <span class='ocrx_word' id='word_1_134' title='bbox 914 2855 950 2914; x_wconf 92' lang='lat' dir='ltr'>ut</span> <span class='ocrx_word' id='word_1_135' title='bbox 962 2839 990 2911; x_wconf 90' lang='lat' dir='ltr'>si</span> <span class='ocrx_word' id='word_1_136' title='bbox 1004 2838 1104 2930; x_wconf 81' lang='lat' dir='ltr'>forte,</span> 
     </span>
     <span class='ocr_line' id='line_1_21' title="bbox 256 2954 1152 3052; baseline -0.003 -25"><span class='ocrx_word' id='word_1_137' title='bbox 256 2954 302 3027; x_wconf 92' lang='lat' dir='ltr'>uti</span> <span class='ocrx_word' id='word_1_138' title='bbox 329 2954 507 3052; x_wconf 88' lang='lat' dir='ltr'>contingit,</span> <span class='ocrx_word' id='word_1_139' title='bbox 534 2954 637 3027; x_wconf 85' lang='lat' dir='ltr'>amita</span> <span class='ocrx_word' id='word_1_140' title='bbox 662 2956 811 3045; x_wconf 85' lang='lat' dir='ltr'>abesset,</span> <span class='ocrx_word' id='word_1_141' title='bbox 837 2955 1003 3029; x_wconf 88' lang='lat' dir='ltr'>continuo</span> <span class='ocrx_word' id='word_1_142' title='bbox 1032 2954 1105 3028; x_wconf 90' lang='lat' dir='ltr'>eius</span> <span class='ocrx_word' id='word_1_143' title='bbox 1120 2991 1152 3025; x_wconf 70' lang='grc' dir='ltr'>ιο</span> 
     </span>
     <span class='ocr_line' id='line_1_22' title="bbox 256 3069 1105 3169; baseline 0.002 -27"><span class='ocrx_word' id='word_1_144' title='bbox 256 3069 367 3167; x_wconf 90' lang='lat' dir='ltr'>neptis</span> <span class='ocrx_word' id='word_1_145' title='bbox 384 3069 618 3144; x_wconf 80' lang='lat' dir='ltr'>accersiretur.</span> <span class='ocrx_word' id='word_1_146' title='bbox 640 3073 730 3144; x_wconf 85' lang='lat' dir='ltr'>Nam</span> <span class='ocrx_word' id='word_1_147' title='bbox 750 3071 823 3160; x_wconf 85' lang='lat' dir='ltr'>illis,</span> <span class='ocrx_word' id='word_1_148' title='bbox 841 3095 921 3169; x_wconf 84' lang='lat' dir='ltr'>quae</span> <span class='ocrx_word' id='word_1_149' title='bbox 935 3089 1003 3144; x_wconf 87' lang='lat' dir='ltr'>tum</span> <span class='ocrx_word' id='word_1_150' title='bbox 1022 3069 1105 3144; x_wconf 64' lang='lat' dir='ltr'>ade</span> 
     </span>
     <span class='ocr_line' id='line_1_23' title="bbox 255 3185 1106 3284; baseline 0.002 -26"><span class='ocrx_word' id='word_1_151' title='bbox 255 3204 340 3276; x_wconf 85' lang='lat' dir='ltr'>rant,</span> <span class='ocrx_word' id='word_1_152' title='bbox 358 3188 534 3284; x_wconf 84' lang='lat' dir='ltr'>extemplo</span> <span class='ocrx_word' id='word_1_153' title='bbox 550 3187 675 3260; x_wconf 83' lang='lat' dir='ltr'>oborta</span> <span class='ocrx_word' id='word_1_154' title='bbox 691 3205 744 3260; x_wconf 92' lang='lat' dir='ltr'>est</span> <span class='ocrx_word' id='word_1_155' title='bbox 756 3185 912 3283; x_wconf 88' lang='lat' dir='ltr'>suspicio</span> <span class='ocrx_word' id='word_1_156' title='bbox 930 3211 985 3260; x_wconf 91' lang='lat' dir='ltr'>me</span> <span class='ocrx_word' id='word_1_157' title='bbox 1002 3185 1048 3260; x_wconf 92' lang='lat' dir='ltr'>de</span> <span class='ocrx_word' id='word_1_158' title='bbox 1066 3185 1106 3260; x_wconf 89' lang='lat' dir='ltr'>iis</span> 
     </span>
    </p>
   </div>
   <div class='ocr_carea' id='block_1_4' title="bbox 255 3405 1107 3631">
    <p class='ocr_par' dir='ltr' id='par_1_4' title="bbox 255 3405 1107 3631">
     <span class='ocr_line' id='line_1_24' title="bbox 302 3405 1107 3470; baseline 0.001 -17"><span class='ocrx_word' id='word_1_159' title='bbox 302 3406 336 3470; x_wconf 86' lang='lat'>(1.</span> <span class='ocrx_word' id='word_1_160' title='bbox 355 3408 379 3469; x_wconf 68' lang='grc' dir='ltr'>ι)</span> <span class='ocrx_word' id='word_1_161' title='bbox 396 3407 491 3468; x_wconf 69' lang='lat' dir='ltr'>lapsus.</span> <span class='ocrx_word' id='word_1_162' title='bbox 510 3405 607 3467; x_wconf 78' lang='lat' dir='ltr'>Neque</span> <span class='ocrx_word' id='word_1_163' title='bbox 622 3418 685 3455; x_wconf 79' lang='lat' dir='ltr'>cum</span> <span class='ocrx_word' id='word_1_164' title='bbox 701 3405 731 3455; x_wconf 76' lang='lat' dir='ltr'>G</span> <span class='ocrx_word' id='word_1_165' title='bbox 765 3405 964 3468; x_wconf 76' lang='lat' dir='ltr'>(6)es]essec</span> <span class='ocrx_word' id='word_1_166' title='bbox 999 3405 1107 3469; x_wconf 60' lang='lat' dir='ltr'>(minci-</span> 
     </span>
     <span class='ocr_line' id='line_1_25' title="bbox 255 3484 1102 3550; baseline -0.002 -15"><span class='ocrx_word' id='word_1_167' title='bbox 255 3485 367 3535; x_wconf 63' lang='grc' dir='ltr'>ἀετοῦ</span> <span class='ocrx_word' id='word_1_168' title='bbox 412 3484 462 3548; x_wconf 80' lang='grc' dir='ltr'>(ιό)</span> <span class='ocrx_word' id='word_1_169' title='bbox 490 3486 581 3536; x_wconf 84' lang='lat' dir='ltr'>ubic.</span> <span class='ocrx_word' id='word_1_170' title='bbox 615 3485 666 3549; x_wconf 71' lang='grc' dir='ltr'>(ιο)</span> <span class='ocrx_word' id='word_1_171' title='bbox 692 3494 720 3535; x_wconf 88' lang='lat' dir='ltr'>ut</span> <span class='ocrx_word' id='word_1_172' title='bbox 743 3485 773 3536; x_wconf 74' lang='lat' dir='ltr'>C</span> <span class='ocrx_word' id='word_1_173' title='bbox 808 3485 1054 3550; x_wconf 78' lang='lat' dir='ltr'>(21)nccessiretur</span> <span class='ocrx_word' id='word_1_174' title='bbox 1078 3486 1102 3534; x_wconf 89' lang='lat' dir='ltr'>S.</span> 
     </span>
     <span class='ocr_line' id='line_1_26' title="bbox 255 3566 875 3631; baseline 0 -16"><span class='ocrx_word' id='word_1_175' title='bbox 255 3567 306 3631; x_wconf 83' lang='lat'>(22)</span> <span class='ocrx_word' id='word_1_176' title='bbox 322 3567 373 3628; x_wconf 83' lang='lat' dir='ltr'>me]</span> <span class='ocrx_word' id='word_1_177' title='bbox 391 3580 465 3615; x_wconf 83' lang='lat' dir='ltr'>neme</span> <span class='ocrx_word' id='word_1_178' title='bbox 483 3566 512 3616; x_wconf 92' lang='lat' dir='ltr'>C.</span> <span class='ocrx_word' id='word_1_179' title='bbox 548 3567 586 3614; x_wconf 79' lang='lat' dir='ltr'>his</span> <span class='ocrx_word' id='word_1_180' title='bbox 603 3567 633 3627; x_wconf 85' lang='lat' dir='ltr'>C,</span> <span class='ocrx_word' id='word_1_181' title='bbox 650 3567 697 3616; x_wconf 82' lang='lat' dir='ltr'>hiis</span> <span class='ocrx_word' id='word_1_182' title='bbox 714 3568 803 3617; x_wconf 73' lang='lat' dir='ltr'>Sonte</span> <span class='ocrx_word' id='word_1_183' title='bbox 818 3579 875 3616; x_wconf 84' lang='lat' dir='ltr'>corr.</span> 
     </span>
    </p>
   </div>
   <div class='ocr_carea' id='block_1_5' title="bbox 0 0 1414 4680">
    <p class='ocr_par' dir='ltr' id='par_1_5' title="bbox 0 0 1414 4680">
     <span class='ocr_line' id='line_1_27' title="bbox 0 0 1414 4680; baseline 0 0"><span class='ocrx_word' id='word_1_184' title='bbox 0 0 1414 4680; x_wconf 95' lang='lat' dir='ltr'> </span> 
     </span>
    </p>
   </div>
  </div>
 </body>
</html>
