2820 4680
833 557 889 620 282

434 741 583 800 turarum
618 730 828 828 Gregorium
857 732 1105 808 Nazianzenum
1142 737 1286 810 haberet

435 862 710 941 praeceptorem3
729 847 948 922 Antiochiam
963 849 1107 941 intravit,
1127 868 1162 924 ut
1179 853 1286 949 Apol-

434 959 574 1033 linarem
608 961 742 1036 audiret
775 962 973 1038 docentem.
1009 968 1045 1038 ln
1079 966 1287 1040 Alexandria

436 1074 623 1174 Didymum
654 1077 791 1153 audivit.
822 1079 925 1177 Apud
959 1082 1122 1155 Hebreos
1142 1081 1285 1181 Lydium

407 1231 418 1287 ς
435 1209 689 1290 praeceptorem
708 1195 838 1293 magnis
855 1195 967 1293 copiis
983 1221 1022 1270 se
1041 1197 1217 1272 redimisse
1234 1216 1287 1272 te·

433 1323 549 1381 statur.
581 1309 646 1382 His
668 1309 768 1408 igitur
785 1311 872 1384 locis
889 1312 1155 1386 laboriosissime
1173 1316 1287 1411 perlu-

433 1424 544 1498 stratis
570 1450 725 1499 reversus
755 1427 1033 1526 Hierosolymam
1064 1446 1100 1503 et
1128 1431 1285 1503 Bethlem

435 1541 615 1615 Baramum
650 1541 715 1615 iam
749 1567 856 1616 senex
890 1543 1029 1634 audivit,
1061 1561 1286 1641 metuensque

434 1657 558 1731 ludeos
584 1674 689 1732 noete
714 1657 758 1732 ad
784 1683 862 1731 eum
881 1659 1166 1756 proficiscebatur
1182 1659 1286 1755 eique

392 1808 421 1846 ιο
434 1791 622 1849 reservatas
647 1774 711 1848 sibi
738 1773 770 1847 in
790 1775 1003 1849 necessarios
1023 1800 1101 1849 usus
1119 1774 1286 1873 pecunias

434 1917 557 1990 magna
565 1890 696 1965 sciendi
711 1890 899 1988 cupiditate
914 1891 1037 1964 ductus
1051 1891 1164 1989 pretio
1178 1889 1285 1979 dedit,

435 2007 585 2081 Euclidis
620 2006 815 2104 philosophi
850 2006 1063 2096 recordatus,
1102 2005 1157 2078 cui
1192 2021 1287 2078 tanta

434 2124 542 2198 inerat
570 2123 703 2198 sciendi
733 2122 914 2220 cupiditas,
947 2138 982 2194 ut
1012 2146 1090 2194 cum
1117 2120 1287 2194 cavissent

327 2316 330 2321 ,
435 2240 661 2313 Athenienses
686 2239 843 2329 decreto,
872 2254 908 2310 ut
932 2236 990 2335 qui
1019 2235 1173 2334 Megaris
1202 2234 1287 2309 civis

392 2383 418 2437 ις
434 2372 537 2444 esset,
579 2355 607 2427 si
640 2353 783 2427 Athenis
817 2352 945 2426 reserre
980 2351 1106 2448 pedem
1142 2375 1286 2448 prensus

434 2487 538 2561 esset,
555 2494 598 2544 ea
615 2494 670 2543 res
686 2469 718 2543 ei
733 2468 887 2566 capitalis
904 2484 1008 2557 esset,
1027 2466 1054 2540 is
1073 2466 1177 2539 nihilo
1192 2465 1287 2539 lacto

435 2587 591 2684 periculo
615 2588 768 2659 Athenas
795 2601 899 2657 noctu
918 2584 1122 2681 peragrabat
1138 2599 1174 2656 et
1190 2597 1288 2655 ante-

435 2725 537 2799 quam
556 2702 861 2798 advesperasceret
879 2699 994 2772 tunica
1011 2700 1114 2796 longa
1132 2696 1287 2770 muliebri

436 2817 572 2891 indutus
589 2834 625 2891 et
642 2816 734 2915 palio
752 2814 961 2889 versicolore
975 2813 1119 2887 amictus
1132 2829 1168 2886 et
1181 2828 1289 2909 caput

483 3064 517 3128 (ι)
535 3066 642 3114 Nazanz.
661 3064 686 3113 G
701 3063 735 3128 (ct
750 3064 783 3111 M
788 3063 807 3125 ἒ)
845 3063 877 3125 (2.
899 3061 920 3124 3)
943 3061 1125 3122 Appolinarem
1141 3059 1174 3118 Β,
1192 3060 1288 3121 Apole·

436 3159 522 3194 narem
540 3147 573 3194 G.
608 3145 642 3208 (3)
664 3144 802 3193 docentem
818 3157 864 3191 om.
879 3143 912 3191 G.
942 3140 976 3203 (4)
999 3140 1136 3203 Dydlmum
1158 3140 1190 3199 Β,
1216 3140 1288 3188 Didi-

436 3240 503 3275 mum
516 3227 549 3276 G.
584 3223 845 3289 LidyumB,l.idium
857 3225 890 3272 G.
925 3221 1126 3285 (ollaboros.G.
1148 3220 1216 3284 (6.7)
1228 3234 1288 3282 per·

437 3309 544 3356 lustrans
553 3308 586 3356 G.
622 3306 656 3369 (7)
674 3305 861 3355 hierosolimam
872 3303 903 3363 B,
924 3302 1117 3365 hyerosollmam
1142 3302 1176 3349 G.
1212 3301 1289 3349 Beth-

437 3389 504 3437 leem
521 3389 554 3436 G.
589 3387 623 3450 (8)
653 3385 779 3434 Bataniam
805 3385 839 3434 G.
873 3383 923 3447 (tr)
934 3381 1064 3430 deductus
1079 3381 1112 3430 G.
1146 3381 1237 3442 precio
1253 3381 1286 3440 Β,

437 3469 523 3531 pretio
534 3469 572 3517 Μ.
607 3467 656 3529 (ιι)
669 3465 856 3515 recordabatur
866 3465 899 3513 G.
934 3462 985 3526 (17)
1001 3461 1100 3509 athenis
1117 3461 1150 3510 G.
1185 3460 1236 3524 (18)
1253 3461 1289 3509 in·

437 3549 530 3598 ductus
542 3547 574 3595 Β.
