2820 4680
710 577 766 633 224

312 731 363 800 los
382 728 414 800 in
433 754 487 800 me
505 729 668 809 effundat,
687 752 772 826 quas
788 755 852 803 nec
868 731 979 827 pudor
994 758 1060 805 nec
1075 733 1164 806 sorte

309 872 409 920 aures
443 871 530 918 meae
566 845 654 919 serre
688 846 829 942 possint.
876 848 967 919 Pno.
988 849 1164 944 Consiste,

311 988 444 1059 quaes0,
463 979 589 1059 praeter
607 961 689 1034 tanti
707 961 766 1033 viri
784 947 1162 1063 auctoritatem'rogatu

310 1077 411 1152 etiam
431 1102 529 1165 meo;
550 1077 608 1150 tibi
628 1077 789 1174 prolecto
809 1092 875 1149 tam
895 1080 1048 1153 honestis
1066 1081 1163 1158 iussis

284 1238 292 1287 ς
311 1193 466 1290 parendo
492 1217 594 1289 quam
613 1192 829 1266 adversando
856 1194 963 1266 maior
981 1196 1161 1272 modestiae

310 1311 382 1381 laus
407 1308 564 1382 accedat.
592 1311 662 1381 lso.
692 1310 777 1380 Utut
794 1309 847 1397 sit,
867 1311 1011 1405 parebo,
1038 1330 1073 1384 et
1099 1339 1161 1387 vos

309 1425 440 1497 interim
456 1427 544 1497 hanc
558 1424 673 1521 pontis
687 1423 862 1520 regionem
874 1444 1058 1522 occupate,
1070 1429 1161 1502 unde

309 1565 377 1638 ego
403 1540 590 1612 miraeum
616 1541 793 1635 voluptate
819 1541 988 1613 luctantes
1014 1541 1101 1616 inter
1123 1570 1160 1618 se

309 1656 423 1753 pisces
453 1656 560 1729 modo
590 1655 757 1744 intuebar,
789 1655 903 1728 sruens
932 1657 1027 1730 ardui
1054 1677 1090 1732 et
1115 1662 1159 1735 ad

266 1813 294 1848 ιο
309 1789 486 1869 utramque
516 1773 622 1869 ripam
653 1771 809 1868 dispositi
842 1773 946 1846 alneti
972 1777 1159 1871 opacitate,

307 1887 567 1961 lectissimorum
577 1887 697 1961 llorum
712 1887 834 1975 odore,
845 1906 1084 1964 sexcentarum
1099 1920 1159 1966 vo-

306 2006 436 2077 lucrum
455 2021 568 2078 cantu.
581 2005 718 2077 Utinam
737 2005 837 2078 citius
854 2005 1029 2103 aliquanto
1046 2008 1157 2082 affuis-

306 2121 400 2194 setis!
421 2124 494 2195 Vos
512 2119 646 2218 triginta
664 2121 736 2194 sere
755 2121 995 2217 phasianorum
1014 2142 1156 2220 praeter·

304 2242 539 2336 volatus,quos
548 2237 641 2334 attigi
653 2263 754 2334 paene
763 2238 1157 2326 vertice,incredibiliter

262 2391 287 2442 ις
304 2357 522 2431 delectasset.
552 2356 676 2426 Nnuc.
689 2356 788 2452 Quas
807 2378 931 2443 narras,
950 2379 1036 2452 quas
1053 2355 1157 2430 video

303 2471 461 2546 delicias!
497 2472 578 2542 Non
609 2468 691 2542 alias
722 2468 825 2542 luisse
855 2469 887 2541 in
918 2469 981 2542 illis
999 2471 1157 2546 lelicibus

303 2587 434 2685 campis
448 2585 617 2669 existimo,
632 2611 721 2682 quos
735 2585 847 2682 prisca
860 2601 945 2658 aetas
960 2604 1154 2661 terrestrem

303 2702 494 2800 paradisum
513 2701 658 2775 vocavit.
676 2701 964 2800 Quotusquisque
982 2705 1036 2775 vel
1055 2703 1155 2777 tristis

284 2879 286 2883 ,
301 2820 355 2891 vel
373 2841 492 2915 parum
506 2818 605 2890 firmo
618 2840 769 2913 corpore
782 2815 839 2889 hic
853 2841 921 2889 non
936 2818 1153 2909 exhilaretur,

257 2966 288 3002 ιο
302 2934 435 3007 hicnon
446 2935 683 3007 convalescat?
700 2935 790 3004 Pno.
804 2934 878 3028 Ego
885 2930 1015 3027 (mirum
1026 2933 1153 3024 audite)

301 3051 404 3145 longe
422 3074 574 3122 seorsum
592 3050 638 3122 ab
655 3048 727 3121 aliis
740 3048 832 3121 allici
846 3051 945 3121 soleo
959 3050 1152 3124 huiusmodi

301 3164 451 3249 deliciis;
469 3183 503 3237 ut
517 3165 606 3238 enim
622 3165 702 3236 mihi
716 3164 808 3237 venit
823 3164 854 3236 in
870 3182 1019 3238 mentem
1034 3192 1151 3240 earum

299 3280 451 3354 citissimi
478 3282 602 3376 lapsus
621 3282 669 3353 ob
695 3305 878 3353 commune
896 3280 1085 3355 adventans
1103 3282 1119 3354 l
1137 3324 1152 3334 -

348 3544 398 3606 (ro)
416 3531 552 3607 'utrumque
569 3559 588 3595 ι.
