2820 4680
652 544 712 609 459

255 698 352 774 utad
379 723 433 773 me
460 698 495 773 id
520 699 652 797 signum
678 724 824 775 aeneum
844 699 1107 798 pulcherrimum

254 832 359 913 atque
383 814 653 913 antiquissimum
681 815 843 889 mitteres.
872 826 1023 912 παρθιριά
1051 815 1107 890 ubi

255 931 357 1005 enixa
378 947 451 1004 rest
493 929 712 1029 puerperium
752 931 870 1029 paucis
913 949 992 1029 post
1034 931 1108 1007 die-

255 1047 318 1121 bus
351 1045 396 1120 ad
430 1070 485 1119 me
515 1045 607 1120 venit
640 1063 677 1119 et
710 1046 911 1120 renuntiavit
946 1046 1038 1137 mihi,
1073 1063 1108 1121 te

256 1162 303 1247 ira
332 1179 368 1236 et
398 1161 512 1236 lurore
542 1161 844 1236 vehementissimo
875 1162 1034 1236 irritatum
1065 1187 1108 1237 ac
1140 1191 1150 1241 ι

254 1276 401 1373 graviter
419 1293 631 1351 commotum
651 1276 815 1351 reiecisse
841 1301 952 1350 meam
978 1277 1108 1375 episto-

256 1393 321 1466 lam
356 1391 556 1490 dixisseque
590 1392 687 1490 quasi
732 1392 937 1489 poenitentia
966 1392 1107 1467 ductum

256 1507 450 1594 confestim,
469 1508 550 1581 volo
568 1506 671 1580 etiam
691 1509 798 1595 hanc;
818 1531 893 1582 nam
920 1505 1108 1606 duplicabo

256 1647 430 1696 numerum
448 1622 668 1720 epistolarum
692 1621 839 1711 illarum3
867 1639 991 1719 potero
1016 1623 1107 1697 enim

255 1763 359 1835 quum
385 1762 475 1836 opus
492 1737 593 1812 luerit
610 1737 739 1812 litteras
760 1737 942 1811 familiares
967 1738 1108 1813 easdem
1126 1767 1154 1804 10

256 1852 403 1951 prodere
434 1854 466 1926 in
497 1857 620 1928 lucem.
650 1853 732 1927 Dici
760 1879 827 1927 non
850 1870 977 1951 potest,
1005 1878 1108 1951 quam

255 1969 476 2043 acerbissime
494 1969 565 2059 tuli,
584 1969 666 2044 licet
682 1968 809 2043 adduci
828 1994 896 2044 non
915 1970 1054 2067 possim,
1074 1986 1109 2045 ut

255 2083 396 2158 credam
415 2102 450 2159 te
468 2085 520 2159 his
544 2085 738 2183 asperrimis
763 2079 877 2159 verbis
893 2101 930 2158 et
947 2101 982 2158 te
999 2101 1036 2158 et
1054 2109 1109 2158 me

255 2199 396 2274 omnino
414 2199 560 2298 indignis
578 2200 765 2299 praesertim
788 2225 809 2274 a
828 2224 883 2273 me
897 2201 987 2274 nulla
1000 2201 1110 2274 laces·

255 2315 354 2388 situm
374 2315 493 2390 iniuria
513 2333 549 2389 et
562 2315 771 2391 contumelia
794 2340 888 2389 usum
907 2314 1022 2389 luisse.
1040 2317 1151 2391 Po-1r

256 2447 386 2505 stremo
399 2431 426 2504 si
436 2456 505 2530 qua
518 2431 551 2504 in
566 2457 603 2505 re
615 2430 778 2505 adversus
788 2449 823 2504 te
836 2431 966 2530 deliqui
981 2430 1108 2521 nescia,

255 2547 400 2644 supplex
419 2546 531 2620 multis
547 2570 626 2620 cum
641 2546 787 2621 lacrimis
795 2545 928 2620 veniam
939 2562 1033 2644 peto.
1053 2549 1108 2620 Tu

256 2661 383 2735 verosi
402 2687 457 2735 me
475 2685 579 2750 amas,
597 2662 625 2735 si
644 2687 698 2735 me
717 2660 853 2759 dignam
873 2661 1027 2736 maximis
1044 2661 1109 2735 tuis

257 2776 435 2851 beneficiis
453 2776 594 2866 iudicas,
614 2802 657 2850 ne
683 2776 768 2850 meis
802 2776 956 2866 miseriis,
985 2801 1108 2849 aerum-

178 2906 182 2915 ·
257 2891 307 2965 nis
325 2915 366 2966 ac
383 2891 633 2967 calamitatibus
651 2891 753 2981 desis,
773 2917 895 2991 quaeso
918 2892 986 2965 noli
1006 2892 1038 2963 in
1058 2891 1107 2965 lu·
1123 2918 1154 2953 2⁰

257 3023 365 3081 turum
391 3008 436 3083 ad
463 3033 519 3082 me
549 3033 617 3083 non
647 3008 799 3082 scribere
829 3027 903 3082 tuas
932 3007 1107 3104 epistolas,

301 3253 335 3318 (ι)
356 3254 382 3303 id
397 3267 444 3303 um.
462 3254 493 3303 C.
527 3254 561 3317 (ι)
576 3254 676 3304 mittens
693 3255 723 3304 C
766 3255 914 3304 Graccum.
935 3253 965 3313 C,
980 3253 1108 3303 ucundurn

256 3346 325 3397 quem
341 3343 451 3397 «puncta
467 3335 491 3382 in
508 3332 624 3383 codice».
659 3334 693 3397 (7)
710 3333 837 3382 dixisseve
855 3333 884 3383 C.
919 3332 969 3396 (ιο)
985 3332 1106 3394 quomo

256 3412 373 3462 eiusdem
389 3413 418 3463 C
452 3412 503 3477 (ιι)
517 3412 625 3476 prodire
642 3413 667 3461 S.
702 3421 824 3475 quantum
836 3414 861 3462 S.
896 3410 946 3475 (ιι)
961 3411 1106 3474 possume

256 3494 307 3556 (17)
323 3493 439 3555 lacrymis
454 3494 480 3542 ἃ
513 3493 563 3555 (ιι)
581 3506 631 3542 non
645 3506 716 3541 omm.
735 3492 784 3542 CS.
