2814 5116
517 957 556 1035 87

112 1128 265 1216 brabant,
293 1127 326 1199 in
353 1152 424 1226 quo
451 1127 529 1201 nulli
556 1145 683 1225 praeter
711 1127 833 1201 aflines
857 1151 962 1202 voca·

114 1243 243 1333 bantur,
272 1260 307 1316 ut
324 1242 352 1317 si
369 1260 445 1316 orta
462 1260 555 1316 esset
573 1241 757 1332 discordia,
778 1243 864 1316 inter
880 1267 962 1317 suos

113 1355 297 1431 sedaretur.
335 1360 401 1447 Tu,
433 1358 490 1455 qui
520 1358 795 1454 generosissimae
825 1357 961 1432 samiliae

113 1471 342 1547 deditissimus
370 1497 419 1562 es,
450 1472 551 1557 stude
578 1491 711 1547 mentes
748 1497 961 1572 componere

114 1588 265 1686 afferque
295 1588 394 1662 nobis
423 1588 581 1663 omnibus
606 1588 853 1686 optatissimum
878 1613 961 1686 gau·
994 1623 1003 1671 ς

114 1703 216 1794 dium,
234 1705 333 1778 sicuti
351 1704 460 1778 nautis
474 1703 645 1801 placidum
661 1729 753 1779 mare
767 1729 810 1777 ex
824 1728 960 1802 aspera,

113 1845 269 1896 serenum
296 1845 341 1894 ex
368 1821 484 1895 nubilo
510 1819 596 1894 deus
622 1821 772 1919 optimus
799 1837 962 1918 praestare

113 1939 211 2010 solet.
234 1940 318 2010 Hoc
335 1954 370 2010 te
382 1936 666 2034 generosissimus
679 1953 859 2034 compater
878 1938 962 2010 Bru·

114 2052 227 2126 norius
251 2069 337 2142 orat,
364 2054 433 2125 hoc
452 2069 485 2125 te
509 2054 696 2126 Genevera
713 2051 909 2142 clarissima,
928 2051 961 2124 in

113 2168 209 2241 cuius
234 2166 390 2242 laudibus
416 2167 542 2241 totiens
569 2168 692 2241 merito
709 2167 864 2265 vigilasti,
882 2167 963 2264 quia
978 2199 1008 2235 ιο

115 2283 338 2358 Brixiensium
358 2298 584 2357 matronarum
604 2285 675 2357 laus
688 2299 742 2356 est
755 2300 791 2356 et
804 2283 861 2356 lux
874 2283 963 2356 alma

112 2398 269 2489 decoris3
297 2397 454 2473 dolemus
476 2398 566 2471 enim
585 2398 732 2472 maxime
750 2397 840 2471 illum
859 2395 963 2495 (quis-

112 2515 189 2612 quis
207 2514 319 2609 luerit)
332 2514 448 2588 omnia
462 2515 553 2588 bona
566 2538 626 2588 sua
640 2515 705 2587 hac
720 2513 846 2611 ingenti
860 2515 963 2611 culpa

111 2630 185 2704 sine
210 2653 314 2704 causa
335 2628 548 2716 deformare;
568 2629 595 2702 si
613 2627 696 2726 quid
715 2645 811 2702 recte
828 2645 864 2701 et
883 2653 962 2726 pre

110 2770 213 2844 spere
232 2762 289 2818 tua
306 2769 414 2843 opera
431 2743 537 2841 quieti
553 2743 684 2817 illorum
698 2742 831 2832 afferes,
845 2741 961 2816 lauda·
977 2775 1002 2823 ις

111 2862 233 2950 bimus,
252 2877 331 2958 post
356 2861 460 2934 multa
481 2859 622 2957 egregie
640 2859 732 2933 sacta
748 2884 816 2931 non
835 2857 868 2930 in
886 2857 961 2931 ulti·

111 2979 174 3052 mis
192 2976 375 3075 praeconiis
393 2976 458 3050 tuis
475 2975 735 3050 numerabimus.
755 2976 851 3048 Vale.

157 3199 192 3259 (ι)
211 3199 276 3245 inter
292 3209 354 3245 suos
370 3195 405 3244 bia
420 3195 530 3258 scriptum
544 3195 580 3244 cst
592 3194 616 3242 t'n
633 3193 663 3243 C.
