2820 4680
821 488 858 572 56

416 662 547 739 derium
580 685 696 759 neque
721 676 756 734 tu
785 661 954 735 secularia
991 659 1130 759 negotia
1154 677 1269 736 nostra

416 777 617 853 lastidiveris
638 801 751 874 neque
769 801 838 875 ego
855 776 1071 851 sanctitatem
1093 793 1185 850 tuam
1211 801 1270 851 ve-

416 893 499 969 ritus
516 894 588 968 sim.
609 895 747 993 Quare
766 917 855 965 nunc
874 917 929 966 me
947 892 993 964 tui
1011 891 1058 966 ita
1073 891 1268 966 dissimilem

417 1009 529 1109 lingis,
547 1007 643 1106 quod
668 1008 713 1082 ad
739 1007 1018 1082 coniunctionem
1045 1006 1270 1082 necessitudi-

392 1149 567 1221 tnemque
588 1123 789 1199 servandam
808 1123 988 1222 plurimum
1014 1124 1140 1197 obesse
1156 1125 1269 1198 soleti

419 1241 479 1314 Da
495 1264 637 1338 operam
656 1239 783 1337 potius,
801 1237 897 1336 quod
914 1238 1045 1336 optima
1062 1263 1193 1312 morum
1208 1265 1271 1312 no-

416 1371 561 1430 strorum
575 1354 706 1454 opinio,
716 1379 796 1452 qute
805 1353 1008 1452 principium
1017 1354 1062 1428 ad
1072 1354 1270 1429 benivolen-

417 1470 495 1545 tiam
514 1470 622 1562 dedit,
652 1470 836 1545 amicitiam
856 1469 888 1542 in
905 1486 1071 1544 aeternum
1097 1487 1211 1544 servet
1234 1488 1271 1544 et

417 1584 752 1661 delectabilissimum
767 1600 919 1659 nostrum
932 1584 1105 1660 scribendi
1122 1585 1269 1659 studium

358 1729 404 1804 Ιιο
417 1727 487 1774 non
505 1718 673 1800 tepeseat.
692 1702 726 1776 Si
744 1701 859 1776 ocium
885 1717 1053 1799 superest,
1075 1718 1205 1798 quanto
1223 1703 1271 1776 la·

418 1817 483 1891 tius
499 1817 631 1891 scribes
649 1833 745 1891 tanto
763 1816 843 1890 milri
855 1815 984 1916 gratius
1000 1816 1082 1905 erit;
1113 1817 1140 1890 si
1159 1816 1192 1889 in
1210 1842 1271 1890 ne-

417 1931 514 2030 gotio
541 1931 655 2022 fueris,
683 1932 805 2006 breves
830 1931 958 2005 litteras
985 1947 1058 2005 tuas
1083 1931 1271 2030 saepissime

419 2046 569 2145 legendo
587 2047 798 2145 longissimas
824 2046 984 2137 efficiam,
1011 2047 1172 2143 quoniam
1192 2047 1272 2120 nihil

420 2159 611 2252 iocundius
637 2162 720 2235 nihil
745 2162 883 2260 sepius,
911 2162 991 2235 nihil
1022 2162 1167 2260 amplius
1192 2165 1273 2259 lego

376 2305 403 2358 rr
419 2300 522 2373 quam
536 2301 616 2373 quae
634 2294 668 2351 tu
683 2277 897 2352 ornatissime
909 2293 947 2351 et
959 2277 1171 2352 sanctissime
1188 2279 1273 2352 scri·

420 2390 481 2465 bis.
530 2391 564 2465 Si
610 2391 690 2465 nihil
729 2409 821 2466 tuam
866 2392 1129 2467 taciturnitatem
1172 2393 1272 2483 licet,

417 2507 523 2606 gravi,
558 2532 665 2605 aequo
704 2524 817 2583 tamen
852 2508 967 2583 animo
1008 2509 1132 2607 patiar,
1175 2507 1273 2582 dum·

419 2621 537 2713 m0d0,
583 2639 619 2696 ut
660 2623 726 2698 tuis
760 2624 872 2698 verbis
906 2624 1076 2723 paciscar,
1116 2623 1150 2696 id
1183 2623 1273 2714 vitii,

418 2738 514 2836 quod
544 2738 604 2811 tibi
635 2756 699 2829 est,
736 2739 815 2812 mihi
846 2765 915 2814 non
951 2739 1133 2838 praedices.
1174 2739 1274 2813 Nihi-

375 2881 407 2918 20
419 2854 563 2929 lominus
595 2854 751 2945 incusari,
782 2857 899 2955 pungi,
925 2855 1082 2955 expediri
1116 2855 1272 2946 arbitror,

419 2985 646 3068 posteaquam
677 2986 712 3043 tu
740 2971 873 3069 optima
897 2971 944 3045 ita
972 2971 1088 3046 sentis.
1120 2970 1274 3046 Gaudeo

420 3100 532 3158 tamen
551 3084 585 3158 id
607 3087 697 3158 nulla
714 3087 817 3183 eulpa
842 3086 925 3177 lieri,
954 3086 1036 3161 licet
1061 3085 1205 3161 fortasse
1223 3086 1273 3159 in-

467 3371 502 3438 (r)
515 3381 542 3424 tu
558 3333 653 3424 omuc.
697 3373 733 3438 (a)
749 3376 893 3426 tantitatem
907 3376 937 3427 G
978 3376 1013 3440 (⁴)
1028 3376 1219 3428 conluntionem
1239 3377 1271 3429 G

420 3454 471 3518 (no)
479 3455 604 3516 expedire
615 3455 645 3505 C.
