2820 4680
557 562 612 644 ¹⁶9

158 733 276 832 spiritu
298 751 334 807 et
360 734 405 807 de
422 734 625 808 conditione
644 738 789 809 humana
807 735 936 833 pietate
953 751 1006 808 est

158 849 312 923 allectus.
364 851 456 922 lllam
505 875 646 948 quoque
696 850 1004 925 Hierosolimorum

158 966 383 1054 eversionem,
427 990 506 1062 quae
548 990 568 1038 a
607 966 690 1039 Tito
722 983 759 1040 et
792 965 1006 1064 Vespasiano

164 1080 331 1155 Romanis
372 1079 583 1179 principibus
626 1080 717 1155 lacta
758 1099 822 1168 est,
857 1080 1004 1155 eundem

158 1196 332 1270 dominum
360 1195 493 1269 flevisse
511 1196 747 1293 cognovimus,
765 1222 847 1270 sane
866 1195 1006 1271 dicente
1039 1246 1048 1280 ,

159 1311 1007 1410 Evangelio:CumappropinquassetllresusHie-

158 1431 313 1515 rusalem,
337 1428 455 1502 videns
476 1427 648 1501 civitatem
672 1427 762 1501 flevit
788 1452 890 1525 super
916 1427 1005 1502 illam

157 1546 220 1618 dre.
254 1583 299 1595 -
328 1543 473 1617 Mariam
500 1543 574 1616 eius
608 1542 836 1617 dulcissimam
864 1560 1004 1617 matrem

120 1759 122 1762 Α
159 1659 260 1732 filium
298 1659 497 1732 crucifixum
532 1658 740 1733 amarissime
778 1659 933 1756 plorasse
970 1674 1006 1732 et

157 1800 250 1850 suam
283 1775 386 1873 ipsius
415 1776 561 1849 animam
591 1775 814 1872 pertransisse
843 1774 1005 1873 gladium,
1022 1809 1052 1844 ιο

157 1893 335 1989 apostolos
362 1892 481 1965 iratres
507 1916 528 1964 a
549 1916 587 1965 se
604 1893 713 1965 solum
732 1890 955 1965 discedentes
973 1891 1005 1964 in

157 2007 300 2081 Actibus
333 2008 578 2104 Apostolorum
609 2006 755 2080 lacrimis
789 2023 1005 2104 prosecutos,

159 2124 263 2212 lsaac,
278 2124 395 2210 Iacob,
410 2124 547 2221 loseph,
564 2122 679 2195 David
695 2123 867 2196 hominem
882 2148 1007 2198 secun·

158 2237 238 2310 dum
248 2262 311 2311 cor
325 2237 454 2310 domini
469 2237 625 2311 lacrimas
639 2237 767 2312 fudisse
781 2238 1005 2313 certissimum

156 2370 219 2427 est.
239 2355 336 2451 lpsos
345 2352 496 2450 denique
510 2354 653 2450 angelos
666 2353 860 2450 passionem
875 2353 1005 2428 domini
1023 2387 1047 2437 ις

157 2469 206 2541 sui
232 2468 358 2542 luxisse
380 2470 491 2566 lsayas
510 2484 650 2542 testatus
668 2487 738 2542 est:
771 2469 892 2566 Angeli
911 2469 1007 2568 pacis

156 2608 270 2658 amare
298 2584 436 2657 flebunt.
458 2625 502 2635 —
524 2586 729 2657 Percurrant
753 2585 928 2681 gentilium
956 2583 1006 2657 hi-

156 2699 286 2772 storias.
315 2700 409 2772 Cato
436 2698 545 2772 fratris
570 2699 700 2772 obitum
726 2699 861 2795 gravius
891 2698 1006 2773 tulisse

157 2814 478 2912 quamphilosopho
488 2815 786 2889 conveniretvisus
796 2832 858 2888 est.
874 2815 1006 2889 Cicero

155 2954 193 3003 se
219 2954 390 3028 pugnasse
417 2954 554 3027 semper
580 2948 700 3004 contra
723 2930 891 3003 fortunam
922 2930 1006 3003 dicit
1020 2964 1051 2999 20

155 3070 302 3143 eamque
328 3069 348 3118 a
373 3069 411 3117 se
437 3061 628 3142 superatam
660 3070 755 3134 esse;
787 3070 865 3120 cum
891 3062 1004 3120 autem

155 3160 303 3235 amiserit
329 3160 534 3234 carissimam
564 3161 675 3251 filiam,
699 3161 823 3235 victum
842 3186 879 3234 se
898 3186 918 3235 a
937 3161 1005 3234 sor·

155 3294 235 3350 tuna
261 3276 393 3351 latetur.
414 3277 505 3348 Cum
525 3275 624 3374 igitur
642 3276 674 3347 in
692 3276 850 3350 omnibus
868 3301 1004 3351 servan-

155 3393 218 3466 dus
247 3393 290 3466 sit
320 3391 453 3480 modus,
485 3408 520 3465 et
549 3392 715 3482 sensibus
749 3410 783 3466 ut
813 3393 892 3483 dixi,
924 3393 1005 3467 satis

201 3541 235 3605 (ς)
252 3555 315 3589 sano
331 3540 361 3589 C
385 3541 418 3603 (9)
434 3543 576 3602 plorantem
592 3541 621 3590 C.
