2820 4680
723 564 742 625 8

220 773 227 786 ·
304 734 385 794 Hinc
396 733 447 794 tibi
459 733 595 794 virtutum
612 751 742 804 numero,
762 732 869 812 quibus
884 733 946 814 ipsu
960 732 1095 813 refulges,

301 832 499 893 Coniunctam
516 849 563 890 me
579 849 685 911 nempe
701 831 783 904 scias,
803 849 857 891 nec
873 829 971 891 secula
986 841 1084 890 nostru

261 937 270 974 ¹
302 930 362 989 iam
377 939 488 989 tuntum
504 927 621 989 deiectu
635 940 708 1009 puto
722 927 799 989 velut
813 938 881 988 unte
896 927 1035 988 solebam.

303 1025 433 1087 Luminis
447 1037 492 1086 est
506 1026 593 1086 etiam
609 1026 694 1106 prisci
709 1025 760 1085 tibi
775 1025 890 1086 flamma
905 1037 1023 1106 reposta

303 1123 417 1184 Mentis
432 1123 460 1182 in
476 1140 593 1183 arcano.
615 1121 742 1183 Foeiices
757 1125 868 1204 quippe
885 1135 1022 1204 parentes

300 1221 401 1300 Quum
418 1239 485 1283 reor
498 1239 564 1282 esse
578 1230 653 1294 tuos,
672 1221 780 1300 quibus
793 1221 877 1282 addis
893 1234 959 1281 natu
973 1221 1114 1282 decorem

302 1320 341 1379 Et
355 1319 462 1401 puriter
477 1337 590 1379 morum
605 1316 698 1379 dulcis
713 1319 880 1398 pariterque
895 1319 1022 1399 sophiae!

257 1426 281 1476 ¹5
302 1417 341 1477 Et
364 1416 387 1476 si
411 1435 499 1495 quam
515 1416 702 1497 omnipotens
716 1418 861 1477 concessit
877 1417 952 1476 forte
967 1435 1109 1487 sororem,

300 1514 331 1574 Ο
347 1513 483 1573 faustum!
500 1513 613 1574 Poterit
627 1525 677 1574 tun
692 1527 757 1593 post
771 1516 890 1594 vestigia
905 1526 987 1575 recto

299 1611 422 1672 Sumere
436 1610 510 1671 calle
524 1612 597 1670 viem
613 1611 747 1691 facilique
762 1613 861 1673 venire
876 1611 970 1672 volatu

302 1708 436 1769 Parnassi
451 1707 488 1768 ed
503 1726 602 1768 sacros
616 1707 715 1769 latices
728 1722 758 1769 et
772 1709 859 1770 doctu
873 1711 981 1771 sororis

301 1806 433 1867 Munere
457 1804 647 1885 blandiloquo
670 1819 829 1887 componet
843 1809 971 1867 carmina
987 1808 1107 1888 plectro,

256 1915 286 1950 ²0
303 1903 457 1982 Egregium
473 1902 580 1964 scribet
594 1922 710 1984 prosum
726 1904 932 1985 plaudentibus
946 1906 1038 1966 astris.

345 2145 394 2207 (ιο)
411 2144 511 2193 sincero
526 2154 591 2206 puto
607 2145 644 2204 Μ,
664 2154 727 2206 puto
744 2146 871 2194 deiectum
892 2147 918 2193 V.
953 2150 960 2199 ι’
967 2146 1002 2206 ιι)
1020 2145 1106 2208 etium]⁸

299 2223 337 2271 M.
354 2223 425 2271 flama
446 2224 473 2270 V.
516 2223 565 2286 (ιι)
590 2225 701 2273 erchuno
728 2225 755 2271 V.
790 2224 879 2273 felices
896 2225 933 2273 M.
969 2226 1018 2287 (η)
1036 2234 1093 2273 note

299 2302 355 2350 Posi
378 2316 400 2349 ν.
427 2313 452 2360 ι)
470 2301 495 2349 in
523 2303 589 2350 Vn.
617 2313 642 2350 ιι
661 2302 768 2366 repetitur
791 2304 1096 2362 ert‚tedvecutudd.mt

299 2380 500 2444 torinmurpt'ru.
535 2383 585 2446 (¹⁴)
604 2395 757 2444 tuorumque
772 2384 809 2432 M.
844 2383 894 2445 (ις)
909 2394 979 2432 sorte
1002 2385 1027 2431 V.
1053 2385 1096 2445 (ιό1

301 2461 356 2523 Ι())
373 2461 411 2509 Μ.
446 2469 516 2509 retro
538 2462 564 2509 V.
599 2460 649 2523 (17)
661 2475 789 2510 summere
806 2465 861 2511 caie
878 2465 904 2510 V.
940 2466 989 2525 (18)
1006 2477 1090 2524 pnrnu

300 2541 430 2602 pernosci
447 2541 485 2589 Μ.
519 2538 594 2599 Teios
609 2543 644 2591 esi
659 2541 796 2605 subscriptio
812 2543 837 2591 in
857 2544 884 2590 V.
