2814 5116
604 1301 763 1377 LXXVI.

511 1574 654 1636 (Veneriist
670 1589 694 1624 a.
715 1579 857 1640 1453-54.)

253 1811 319 1868 stru,
346 1814 373 1860 ut
394 1811 496 1876 oropum
517 1816 586 1876 gralo
609 1821 686 1879 poma
711 1829 807 1867 munera
832 1818 855 1867 et
873 1823 952 1881 praua
974 1818 1017 1868 dao
1029 1817 1106 1884 serat.

294 2044 477 2120 Ludovicus
490 2050 692 2123 Fusrarenus
712 2051 832 2124 Yxotoe
844 2050 1024 2149 Nogoroloe
1035 2054 1068 2125 S.
1140 2091 1150 2142 t

262 2308 529 2660 ffircar
544 2315 730 2414 aliquando
748 2374 756 2389 .
777 2322 813 2389 .’.
845 2316 1051 2392 crediderim
1074 2335 1109 2393 te

468 2449 583 2507 nostra
621 2457 760 2507 munera
798 2450 1033 2531 suscepturam
1072 2452 1108 2508 et

467 2549 547 2622 nihil
574 2549 681 2646 magis
706 2566 825 2646 optem
852 2574 954 2648 quam
973 2576 1029 2625 me
1047 2551 1107 2625 tibi

252 2663 501 2740 deditissimum
520 2680 557 2738 et
572 2662 799 2761 gratissimum
818 2688 906 2755 esse,
921 2690 1044 2740 vereor
1057 2683 1107 2740 ta·

252 2805 342 2871 men,
357 2779 453 2879 quod
472 2779 552 2853 huic
574 2780 715 2854 vasculo
734 2779 1037 2877 impraesentiarum
1056 2784 1107 2857 lo-
1125 2813 1154 2849 ιο

252 2921 330 2971 cum
346 2923 413 2971 non
428 2895 610 2994 relinquas,
633 2896 795 2993 quoniam
810 2897 843 2969 in
857 2896 932 2972 dies
945 2897 992 2972 ita
1002 2923 1108 2997 auge·

253 3029 306 3087 tur
319 3013 439 3112 religio
453 3031 520 3103 tua,
537 3029 572 3086 ut
584 3015 765 3111 prophana
781 3013 898 3088 omnia
911 3013 1108 3114 dedigneris

252 3144 289 3202 et
302 3129 463 3228 negligas.
489 3130 570 3202 Non
589 3153 727 3226 possum
742 3129 821 3203 talia
837 3129 1005 3227 polliceri,
1024 3155 1107 3228 qua·

253 3245 298 3320 lia
319 3245 379 3319 tibi
401 3247 527 3320 collata
553 3246 626 3319 lore
654 3245 733 3318 milri
752 3244 1010 3335 demonstrasti;
1038 3273 1107 3321 non

253 3378 332 3435 sunt
356 3362 433 3435 lroec
452 3361 515 3435 illis
540 3360 635 3459 paria
659 3387 739 3458 quae
757 3360 900 3435 ornandi
921 3360 1034 3435 altaris
1060 3362 1106 3436 tui
1123 3393 1149 3447 ις

253 3500 357 3552 causa
369 3476 498 3552 donata
509 3494 596 3551 sunt.
621 3477 795 3551 Memoria
812 3495 935 3574 repeto
948 3479 1106 3552 cellulam

254 3593 343 3667 illam
357 3610 460 3683 tuam,
471 3617 551 3690 quae
566 3590 717 3692 undique
730 3592 946 3667 sanctitatem
959 3591 1104 3667 redolet.

254 3707 387 3806 Cogito
399 3731 514 3784 sacras
523 3706 684 3806 reliquias
697 3731 797 3783 manu
808 3723 923 3783 nostra
936 3723 1104 3782 tactas...

303 3970 349 4022 Nn
368 3981 420 4033 rto·
454 3970 503 4039 (ιθ)
521 3973 629 4036 reliquia
645 3969 676 4025 C.
