2820 4680
139 1239 194 1313 Aa
208 1240 415 1337 spectabilem
432 1268 676 1339 ecgenetorum
697 1244 862 1320 dommum
883 1247 989 1322 dami-

138 1398 213 1446 nam
239 1374 476 1471 Magdalanam
498 1376 540 1449 de
555 1378 734 1476 Scrovigm's
748 1394 812 1478 per
826 1380 990 1456 dominam

247 1506 405 1606 Angelum
422 1509 464 1582 de
480 1511 656 1609 Nagarolr's
673 1512 716 1586 de
740 1516 876 1587 Verona.

164 1917 168 1931 ‚
319 1908 538 1972 ascraeum,
580 1909 768 1981 generosa,
816 1902 987 1984 tamquam

153 2034 154 2042 ¹
221 1981 227 1993 Α
269 2016 306 2075 2>
341 2015 448 2071 mater
473 1999 683 2089 honoranda,
711 2017 746 2073 ut
768 2026 830 2097 per
850 2001 988 2075 aliarum

146 2080 307 2207 ,γωζζῧ
341 2130 454 2187 notam
485 2113 668 2188 litterarum
700 2115 798 2189 vobis
829 2115 988 2205 intimavi,

139 2230 405 2303 infelicissimum
441 2232 676 2327 acerbumque
711 2230 893 2305 decessum
927 2256 989 2329 ge-

140 2345 251 2418 nerosi
303 2345 433 2434 militis,
477 2345 607 2419 domini
654 2346 791 2436 lambi,
836 2347 989 2444 germani

139 2460 256 2547 vestri,
295 2459 514 2556 gemebunda
556 2460 705 2558 suscepi.
750 2461 860 2535 Cuius
903 2460 990 2535 inte-
1008 2501 1036 2538 ιο

138 2574 219 2648 ritus
253 2575 388 2671 quantis
422 2575 575 2650 maeroris
609 2575 739 2649 aculeis
768 2577 870 2650 vestri
905 2601 990 2674 pec-

139 2691 221 2765 toris
239 2693 360 2764 vallum
388 2691 647 2790 propulsaverit,
672 2717 716 2765 ex
743 2692 847 2765 nostri
871 2691 988 2766 cordis

138 2807 311 2881 anxietate
345 2807 528 2897 coniecto;
565 2807 631 2881 mei
663 2832 811 2903 namque
829 2805 991 2905 'pectoris

138 2926 320 2997 claustrum
343 2924 438 3022 parili
461 2925 600 2997 vulnere
621 2922 795 3012 sauciavit,
809 2947 852 2996 ac
869 2922 896 2996 si
911 2948 991 3021 pro-

138 3039 200 3137 prii
220 3039 329 3112 fratris
346 3039 477 3113 obitum
504 3038 731 3134 accepissem,
751 3053 820 3109 tum
838 3039 886 3111 ob
904 3037 1032 3126 cari-15

138 3171 241 3229 tatem
260 3179 361 3251 quam
380 3179 461 3252 erga
479 3179 534 3227 me
562 3152 691 3250 geritis,
717 3168 754 3225 ut
778 3151 992 3250 experientia

186 3375 258 3422 Extat
275 3373 297 3421 in
331 3372 423 3422 codice
441 3372 610 3423 Riccardiano
626 3367 671 3433 (C)
695 3370 742 3430 784
758 3370 800 3420 tot.
821 3382 873 3430 ¹44·
892 3384 929 3419 nr.
949 3379 986 3432 45.

184 3454 218 3515 (3)
231 3453 369 3516 Serovigiis
386 3452 417 3502 C.
451 3451 501 3516 (ro)
518 3449 708 3515 gemebundum
725 3449 755 3500 C.
789 3448 839 3514 (η)
858 3451 911 3500 Mei
929 3464 979 3500 nun

137 3547 213 3596 quam
230 3534 261 3584 G

190 3650 461 3708 mua-:ouum
486 3652 510 3694 u.
831 3646 863 3683 20
