2820 4680
670 547 703 608 33

255 723 338 772 sane
373 698 631 796 suppellectilis,
668 699 818 773 iocunda
847 699 984 790 familia,
1015 726 1107 798 quae,

256 831 292 887 ut
312 812 419 904 aiunt,
437 839 507 888 non
526 814 706 913 obstrepit,
726 839 794 888 non
813 817 949 906 clamat,
969 834 1109 891 nonest

255 953 372 1027 rapax,
395 955 465 1004 non
486 955 603 1020 vorax,
629 955 698 1003 non
724 947 928 1020 contumax;
952 930 1030 1006 iussi
1056 935 1108 1006 ln

255 1062 404 1142 quuntur
421 1062 457 1119 et
487 1045 567 1119 item
598 1045 677 1119 iussi
708 1061 874 1137 tacente
896 1047 1019 1144 quibus
1046 1046 1107 1122 nisi

255 1159 352 1258 quod
383 1159 465 1234 velis
493 1176 529 1234 et
558 1177 722 1258 quantum
756 1162 840 1236 velis
873 1161 1000 1236 audias.
1037 1162 1107 1237 Sed
1140 1192 1149 1242 t

255 1275 339 1374 quid
353 1300 431 1373 ago,
450 1301 530 1372 quae
548 1276 598 1350 his
617 1277 700 1351 meis
718 1276 984 1351 balbutientibus
988 1278 1107 1385 uerbis

255 1390 533 1490 praeclarissimas
559 1391 677 1466 laudes
703 1408 777 1466 tuas
804 1417 911 1490 usque
941 1393 1106 1491 prosequi

255 1509 343 1581 velle
357 1506 498 1580 videor?
517 1506 637 1581 Finem
656 1506 794 1581 dicendi
812 1507 947 1598 faciam,
967 1533 1011 1581 ne
1028 1532 1106 1581 sen-

255 1621 396 1695 tentiam
427 1622 558 1696 illorum
589 1622 725 1695 nimium
755 1622 907 1697 dicendo
936 1622 1106 1696 affirmare

256 1736 384 1826 videar,
399 1738 455 1834 qui
471 1739 594 1811 nullam
609 1755 734 1811 mutum
749 1737 924 1812 mulierem
939 1738 971 1811 in
985 1741 1105 1813 seculo
1122 1767 1152 1803 ιο

256 1872 428 1951 repertam
455 1870 618 1927 asserunt.
648 1855 722 1952 Ego
748 1877 831 1927 vero
858 1855 918 1928 has
944 1878 1038 1927 meas
1060 1853 1104 1927 ad

257 1986 292 2043 te
323 1969 406 2043 dare
431 1994 513 2043 ausa
534 1995 619 2059 sum,
640 1995 720 2058 non,
741 1986 776 2042 ut
792 1970 838 2043 ab
855 1968 951 2043 initio
969 1969 1050 2058 dixi,
1071 1986 1105 2043 ut

257 2085 418 2183 ingenioli
429 2085 495 2158 mei
509 2086 596 2159 vires
609 2101 667 2159 aut
680 2083 819 2159 dicendi
834 2083 1029 2158 facultatem
1044 2085 1104 2158 tibi

257 2200 331 2274 viro
360 2200 562 2275 doctissimo
596 2218 633 2274 et
657 2199 939 2297 eloquentissimo
960 2201 1105 2274 demon-

256 2333 372 2405 strem,
400 2341 479 2414 quae
505 2317 595 2390 nulla
621 2316 653 2390 in
681 2341 736 2390 me
758 2332 821 2404 est,
848 2316 910 2390 sed
938 2333 973 2389 ut
994 2341 1038 2389 ex
1055 2316 1105 2389 eis
1122 2344 1147 2393 u

258 2431 425 2530 intelligas
451 2447 485 2505 te
511 2431 592 2505 item
618 2456 640 2505 a
657 2456 712 2505 me
729 2430 834 2529 diligi,
853 2431 922 2504 coli
940 2455 983 2505 uc
1000 2455 1105 2505 vene-

256 2547 332 2620 rati.
367 2549 441 2621 Has
472 2546 582 2646 igitur,
601 2547 706 2621 immo
732 2572 787 2621 me
806 2547 838 2620 in
856 2546 906 2620 eis
927 2546 1104 2644 suscipias,

256 2687 336 2737 cum
368 2687 431 2760 pro
461 2663 576 2737 innata
605 2662 664 2736 tibi
695 2661 1104 2736 humanitateneminem

256 2803 390 2866 renutu,
405 2778 532 2852 nomini
546 2778 626 2852 item
641 2796 736 2852 certe
751 2796 810 2852 tuo
823 2777 871 2850 ob
889 2794 979 2850 tuam
999 2777 1030 2849 in
1050 2801 1105 2849 me

256 2894 433 2970 caritatem
448 2893 702 2968 deditissimum.
719 2896 813 2993 Quae
827 2917 905 2966 cum
917 2891 996 2965 nihil
1014 2891 1105 2965 aliud
1121 2923 1151 2957 20

303 3093 338 3157 (ι)
354 3097 446 3157 supell.
473 3094 502 3144 G
537 3094 571 3158 (ι)
594 3095 711 3157 obserpit
731 3096 758 3144 V.
792 3094 826 3158 (ς)
843 3095 915 3143 veliis
931 3103 956 3143 et
973 3108 1017 3155 qu.
1035 3095 1107 3144 veliis

254 3175 351 3224 evellas
370 3175 398 3222 V.
432 3173 464 3235 (7.
482 3174 507 3238 8)
523 3183 579 3224 tuus
594 3173 651 3237 (om.
670 3176 763 3238 usque)
779 3174 902 3238 persequi
918 3188 943 3223 u.
961 3173 1049 3223 videar
1065 3176 1103 3224 M.

256 3254 291 3317 (9)
315 3253 416 3303 nimium
438 3266 484 3302 om.
510 3254 548 3302 M.
590 3252 640 3316 (ιο)
659 3267 675 3302 e
696 3254 789 3303 seculis
808 3254 835 3302 V.
876 3251 927 3315 (11)
948 3254 992 3302 ltus
1008 3267 1054 3303 om.
1072 3255 1103 3304 C.

256 3332 308 3396 (η)
326 3341 352 3382 ut
365 3346 436 3382 emm.
455 3332 522 3382 codd.
557 3331 777 3395 (14lelloqu.cl¹.
812 3331 946 3395 (tildilligi
959 3333 986 3380 V.
1005 3333 1103 3383 coliiC.

256 3411 309 3476 (17)
337 3413 387 3463 imo
414 3413 469 3462 CV.
513 3413 639 3476 suscipies
666 3415 694 3462 V.
739 3413 788 3477 (19)
814 3420 938 3462 renuente
963 3413 1000 3462 Μ.
1035 3413 1104 3476 item]

255 3503 311 3544 tum
325 3495 364 3554 M,
381 3507 428 3543 om.
451 3494 477 3542 V.
511 3501 584 3543 eene
599 3506 645 3542 ont
663 3493 694 3544 G
728 3493 778 3558 (ιο)
793 3493 825 3542 nil
846 3494 874 3540 v.

309 3611 630 3671 mmmmm
988 3611 998 3658 t
