2820 4680
838 555 893 633 306

435 729 671 828 comprobavi,
692 745 761 801 tum
780 729 828 801 ob
854 728 928 801 eius
949 725 1293 824 contemplationem,

436 871 538 945 quam
565 844 733 918 sinceram
757 844 990 942 percolebam.
1015 841 1084 917 Sed
1104 857 1140 915 ut
1158 839 1295 916 famulis

435 962 556 1037 vestris
594 960 739 1035 eximius
772 959 955 1034 Severinus
988 957 1120 1047 asserit,
1156 973 1295 1031 constat

435 1096 601 1154 aeternum
621 1076 841 1175 positumque
863 1077 953 1173 lege,
981 1091 1016 1148 ut
1041 1088 1180 1148 constet
1195 1071 1295 1170 geni-

410 1211 505 1271 ttum
533 1192 625 1265 nihil.
663 1193 733 1265 Pro
759 1207 854 1264 tanto
880 1189 991 1263 velitis
1017 1187 1225 1263 fortitudinis
1249 1212 1294 1263 ac

436 1307 683 1383 consolationis
704 1307 856 1405 spiritum
887 1330 1061 1380 assumere
1091 1328 1157 1378 nec
1178 1302 1223 1377 ad
1245 1305 1294 1378 la-

437 1425 617 1498 crimarum
648 1448 741 1498 arma
767 1447 864 1496 more
894 1419 1115 1520 pusillanimis
1157 1418 1294 1492 mulier·

437 1541 526 1614 culae
542 1537 768 1636 ignominiose
794 1535 994 1634 confugere.
1024 1536 1154 1609 Fateor
1177 1550 1293 1608 tamen

438 1654 608 1729 neminem
637 1677 741 1751 posse
763 1653 838 1726 talis
863 1650 1018 1749 tantique
1034 1650 1095 1722 viri
1121 1650 1225 1724 siccis
1242 1651 1294 1723 lu·

396 1801 425 1837 ιο
439 1770 585 1844 minibus
611 1769 710 1842 sunus
734 1768 893 1867 aspicere
910 1784 946 1841 et
971 1782 1167 1866 stagnantes
1192 1765 1294 1839 lacri-

439 1910 566 1960 marum
594 1884 720 1958 rivulos
745 1884 902 1957 retinere.
931 1882 1001 1957 Sed
1018 1906 1082 1956 eos
1103 1898 1200 1956 certe
1219 1907 1294 1955 mo-

438 2000 561 2075 destiae
587 1999 732 2074 arbitror
753 1998 924 2097 repagulis
950 1996 1183 2072 refrenandos.
1212 1998 1294 2070 Fle

439 2133 531 2190 tuum
566 2115 656 2190 enim
692 2114 979 2213 quantiscumque
1017 2113 1177 2188 fluctibus
1223 2138 1293 2186 non

439 2231 663 2307 redimeretur
672 2256 738 2306 nec
748 2229 868 2305 redimi
878 2246 997 2329 posset
1006 2232 1181 2304 ullatenus.
1203 2230 1294 2302 Om-

398 2381 422 2431 15
440 2373 501 2422 nes
525 2347 569 2423 ad
597 2346 830 2422 devorabilem
858 2346 976 2422 mortis
1005 2345 1183 2420 Caribdim
1211 2345 1293 2419 irre

440 2462 630 2538 meabiliter
647 2462 894 2561 compellimur.
918 2464 985 2535 Iste
1002 2477 1115 2536 autem
1138 2460 1292 2534 debitum

440 2578 536 2677 quod
562 2578 700 2652 minime
725 2595 862 2677 poterat
878 2578 1006 2652 evitare
1032 2577 1206 2676 persolvit,
1233 2577 1292 2675 qui

441 2695 531 2771 sorte
556 2694 657 2768 nobis
679 2695 744 2768 iam
771 2693 815 2768 ad
833 2693 939 2769 ardua
957 2719 1024 2767 non
1043 2692 1177 2768 caduca
1193 2717 1293 2767 scan-

441 2812 500 2886 dit.
522 2814 601 2887 Erat
619 2808 880 2909 quodammodo
906 2810 1149 2900 necessarium,
1168 2835 1230 2883 vos
1248 2809 1293 2884 ad

397 2944 586 3002 roterream
613 2928 739 3000 molem
762 2925 898 3000 retineri
919 2925 1099 3024 alligatam.
1129 2928 1224 2999 Dum
1243 2942 1294 2999 ta-

442 3068 519 3117 men
563 3042 595 3115 in
635 3041 734 3115 huius
775 3043 974 3140 procelloso
1010 3041 1090 3116 vitae
1123 3043 1197 3117 salo
1231 3041 1293 3116 de-

440 3175 549 3257 geret,
575 3158 639 3233 sibi
666 3182 792 3232 nomen
809 3159 858 3232 ob
875 3157 949 3233 eius
974 3157 1219 3256 benignitatem
1243 3157 1294 3231 in·

488 3379 538 3442 (ra.
550 3379 589 3442 ις)
607 3380 721 3430 Πούδης
737 3381 778 3429 cui
796 3379 825 3443 ρ)
841 3387 1059 3442 quantuncunque
1074 3378 1104 3429 G
1139 3379 1189 3442 (1⁶)
1205 3382 1294 3441 copel-

441 3459 515 3508 limur
531 3459 561 3508 G
595 3458 645 3520 (ιθ)
658 3460 714 3521 iamt,
727 3474 759 3509 ne
777 3461 806 3510 G
841 3459 889 3522 (18.
909 3460 949 3523 ²9)
965 3459 1128 3518 scandentur,
1149 3467 1204 3510 erat
1220 3459 1293 3523 quod

441 3539 555 3589 admodo
579 3540 609 3590 C.
644 3538 694 3602 (ιο)
718 3541 830 3591 retinens
847 3542 975 3606 alligatum
992 3542 1021 3590 C
