2820 4680
489 1083 688 1145 (PHiLlPPUS
706 1084 962 1146 BERGOMENsrs)

408 1364 467 1433 De
484 1360 609 1458 Angeia
627 1359 797 1457 Nugarola
818 1318 1038 1433 eruditissima.

361 1872 385 1948 s
455 1854 464 1867 ³
484 1889 607 1940 nor-:mr
634 1868 810 1964 Nugarola
842 1866 1051 1940 Veronensis
1084 1867 1155 1938 ori-

508 1981 607 2071 unda,
631 1982 757 2055 semina
778 1982 931 2079 apprime
953 1981 1155 2055 doctissima

322 2176 336 2187 ,
409 2174 441 2184 -
462 2141 473 2184 ς
505 2122 663 2192 aevoquo
684 2097 764 2169 Pius
781 2096 854 2169 eius
868 2096 1012 2169 nominis
1029 2121 1156 2169 secun-

297 2214 361 2286 dus
391 2213 545 2311 pontifex
574 2215 751 2285 Romanus
798 2211 830 2283 in
857 2211 1022 2284 cathedra
1057 2212 1154 2284 Petri

298 2326 516 2424 praesidebat,
560 2345 595 2400 et
632 2328 723 2425 apud
757 2329 930 2400 Veronam
972 2344 1067 2399 ortus
1101 2327 1153 2400 sui

297 2442 468 2516 civitatem
508 2443 672 2540 insignem
712 2461 916 2539 ceterasque
963 2442 1154 2539 Cisalpinae

298 2557 424 2631 Galliae
442 2557 597 2630 civitates
615 2575 651 2630 et
669 2583 790 2654 magna
807 2557 962 2629 virtutum
989 2557 1100 2653 gloria
1118 2576 1154 2630 et

256 2691 285 2728 ¹0
298 2672 437 2769 poetica
454 2672 672 2767 oratoriaque
686 2690 758 2745 arte
777 2690 812 2744 et
826 2670 963 2768 insignis
977 2696 1018 2744 ac
1037 2672 1154 2745 claris-

297 2787 381 2860 sima
400 2786 573 2860 mulierum
602 2805 654 2860 est
683 2788 806 2860 habita.
839 2790 930 2859 Haec
958 2785 1087 2884 quippe
1120 2787 1153 2859 in

297 2903 412 3000 primis
424 2902 583 3000 generosi
602 2902 661 2973 viri
679 2903 804 2974 Antoni
833 2904 1021 2998 Nugarolae
1038 2904 1155 2999 splen-

296 3015 462 3089 didissimi
481 3017 606 3113 equitis
624 3018 729 3091 aurati
748 3035 783 3090 et
805 3016 995 3115 praestamis
1011 3019 1153 3108 Antoni,

344 3273 388 3321 Est
402 3282 478 3336 caput
504 3273 595 3322 CLIX.
615 3273 703 3334 operis
722 3275 778 3320 «De
797 3273 911 3334 plurimis
928 3274 1003 3321 claris
1019 3274 1153 3321 scelecris-

297 3365 350 3413 que
366 3352 529 3401 mulieribus·
549 3367 563 3401 ι
578 3353 656 3401 fratre
677 3354 709 3401 la.
730 3353 851 3414 Philippo
869 3353 1034 3415 Bergomensi
1051 3367 1073 3400 a.
1091 3364 1153 3413 ¹497

296 3432 373 3480 tertio
401 3433 455 3480 Kal.
484 3432 565 3480 Maias
590 3432 714 3479 Ferrariae
740 3432 802 3481 editi
828 3431 877 3494 (E).
898 3434 1003 3494 Angelae
1027 3433 1078 3479 vite
1105 3432 1150 3481 fol.

297 3510 446 3574 cxxxx..
463 3520 581 3573 occupat.
617 3511 666 3574 (η)
684 3513 740 3560 Post
751 3511 832 3560 aurati
842 3510 905 3574 fort.
926 3510 1011 3560 excidit
1024 3511 1081 3559 filio.
