2820 4680
532 626 585 687 223

133 778 216 867 rari;
244 793 431 875 propterea
456 776 489 850 in
514 775 549 850 id
572 792 708 874 tempus
724 801 904 850 accessum
923 802 987 850 no·

131 910 236 968 strum
263 892 464 983 reieceram,
490 916 619 982 verum,
646 907 683 965 ut
703 893 809 982 lubet,
835 891 987 966 acceda-

133 1033 217 1084 mus.
255 1011 381 1082 Nnuo.
408 1007 572 1098 Videsne,
592 1024 628 1080 ut
644 1024 718 1081 erat
736 1023 851 1081 nostra
869 1033 987 1105 repre-

133 1123 318 1199 hendenda
347 1123 549 1198 cunctatio?
584 1121 881 1222 Quandoquidem
911 1122 987 1223 dili·

131 1239 329 1338 gentissima
356 1238 499 1312 soemina
525 1237 679 1311 manibus
696 1237 847 1311 libellum
866 1254 987 1312 tenens
1019 1270 1028 1321 ς

133 1354 233 1429 nobis
259 1354 324 1427 iam
342 1356 457 1428 locum
476 1352 662 1452 praeripuit.
692 1355 784 1427 Pno.
805 1355 855 1426 Ea
871 1369 934 1442 est,
953 1353 986 1426 ni

134 1469 242 1559 fallor,
268 1472 359 1543 lsota
384 1493 505 1559 soror;
532 1467 601 1541 illic
617 1492 699 1541 suos
724 1467 851 1540 locavit
868 1466 987 1541 iucun-

133 1584 249 1659 diores
266 1607 436 1675 recessus,
454 1608 497 1658 ac
516 1582 647 1672 mirum,
661 1581 758 1680 quod
779 1581 868 1656 absit
880 1583 987 1657 altera

132 1725 233 1775 soror
254 1699 422 1787 Ginebra,
441 1724 533 1796 quae,
552 1722 631 1771 cum
650 1696 695 1770 illi
713 1697 851 1795 paribus
867 1697 987 1772 studiis

132 1817 319 1891 coniuncta
335 1815 389 1904 sit,
403 1814 535 1889 eisdem
553 1814 655 1888 etiam
666 1814 859 1888 recessibus
867 1813 986 1888 delec·
1003 1846 1032 1883 ιο

133 1932 193 2005 tari
219 1934 318 2006 solet.
346 1933 391 2004 At
416 1956 550 2021 vereor,
581 1954 626 2003 ne
652 1931 789 2003 turbato
814 1930 896 2004 ocio
917 1929 986 2005 dis·

133 2072 268 2122 cessum
287 2064 396 2146 paret.
422 2049 547 2120 Nnuo.
567 2048 691 2136 Tuam,
709 2048 810 2136 lsota,
829 2047 986 2121 obtestor

133 2163 389 2260 benignitatem,
408 2187 453 2234 ne
469 2161 654 2235 adventum
673 2177 824 2234 nostrum
843 2164 986 2258 perhor-

135 2302 249 2352 rescas
275 2304 390 2377 neque
412 2279 444 2352 ei
463 2279 643 2352 instantem
661 2277 812 2351 laetitiam
830 2277 984 2352 discessu

135 2409 196 2467 tuo
221 2394 435 2492 intercipias3
462 2393 632 2492 siquidem
659 2419 729 2468 non
755 2411 822 2467 tam
841 2396 1027 2475 hucac-15

135 2509 310 2598 cessimus,
326 2526 362 2582 ut
378 2513 498 2584 horum
517 2509 729 2584 nobilitatem
748 2512 904 2584 locorum
922 2536 986 2585 nos

136 2622 190 2696 uni
206 2649 274 2697 non
285 2624 527 2722 ignoraremus,
538 2649 641 2723 quam
657 2643 692 2697 ut
707 2641 741 2698 te
755 2624 874 2722 ipsam,
889 2626 986 2700 cuius

133 2740 227 2811 cultu
253 2755 289 2812 et
313 2739 511 2814 assiduitate
529 2743 606 2815 haec
624 2739 782 2814 videntur
799 2756 868 2813 tum
887 2740 986 2814 nobi·

133 2853 218 2928 liora
251 2871 321 2927 tum
347 2855 449 2929 etiam
476 2856 619 2946 laetiora,
646 2842 876 2930 inviseremus.
911 2858 982 2929 lso.

131 2971 177 3041 At
189 2971 243 3042 vel
257 2970 355 3044 huius
367 2970 536 3044 sermonis
552 2970 709 3061 exordio,
724 2971 773 3043 vir
786 2969 983 3061 clarissime,
998 3012 1030 3047 ιο

133 3084 246 3182 sugam
272 3085 438 3175 hortaris3
465 3085 652 3160 verendum
674 3086 764 3159 enim
782 3101 846 3175 est,
865 3111 909 3159 ne
927 3103 983 3159 tua

133 3199 196 3273 ista
220 3200 397 3299 singularis
423 3202 613 3275 humanitas
638 3203 705 3274 hac
730 3202 784 3274 vel
811 3224 878 3274 una
895 3201 927 3273 in
946 3226 984 3274 re

133 3315 233 3390 nobis
258 3332 454 3414 perspecta,
481 3315 578 3413 quod
604 3315 892 3390 deditissimorum
922 3316 982 3389 tibi

132 3431 293 3505 clientum
311 3432 441 3505 villulas
457 3433 556 3506 obire
574 3458 643 3507 non
660 3457 698 3506 es
711 3431 983 3529 dedignatus,eo

132 3547 234 3622 etiam
252 3548 502 3647 progrediatur,
522 3564 557 3622 ut
574 3573 690 3625 earum
709 3547 845 3624 laudum
863 3573 983 3624 cumu·
998 3587 1025 3640 ις
