2820 4680
673 541 708 601 19
827 501 832 511 ·

256 716 342 788 gere
355 690 477 782 debes,
491 692 554 767 sed
571 711 608 768 et
616 694 824 769 Avicennam
843 695 875 769 in
891 695 1112 770 Naturalibus

256 823 294 880 et
311 808 478 905 Algazelis
491 810 672 883 Summam.
692 810 739 883 l·li
753 835 838 908 ergo
851 812 983 885 Arabes
995 836 1109 885 veram

261 922 570 1022 Peripateticorum
592 924 805 1023 disciplinam
832 943 866 1000 te
888 925 1020 1000 interim
1034 951 1110 1000 eru·

257 1035 333 1112 dire
349 1039 521 1130 valebunt,
535 1038 650 1114 donec
669 1040 769 1115 nobis
789 1040 980 1139 suppeterit
1000 1041 1108 1116 otium

257 1153 396 1252 vitaque
414 1153 544 1246 laverit,
564 1172 599 1229 ut
615 1155 835 1230 aristotelica
847 1181 956 1255 opera
982 1157 1015 1230 in
1033 1158 1109 1231 Ro·
1142 1185 1152 1237 t

258 1294 395 1343 manum
412 1269 523 1344 stilum
539 1287 712 1345 vertentes
729 1271 975 1346 commentaria
1000 1272 1109 1345 conli-

257 1410 342 1459 cere
367 1385 536 1483 possimus
564 1405 600 1460 et
624 1411 668 1462 ea
693 1412 773 1486 quae
798 1387 1001 1461 Aristoteles
1030 1389 1109 1461 suh

257 1499 360 1574 tiliter
385 1500 567 1600 descripsit
592 1527 656 1576 nos
673 1502 705 1575 in
736 1502 925 1577 faciliorem
955 1502 1109 1577 semitam

258 1615 417 1713 redigere
434 1618 616 1708 valeamus,
634 1618 869 1716 augustissime
887 1617 981 1692 dicta
993 1635 1030 1691 et
1048 1617 1108 1693 im·

258 1731 393 1830 plicitas
409 1733 637 1809 obscuritates
653 1733 868 1831 explicantes
885 1750 922 1806 et
943 1733 1109 1808 illustran-
1125 1754 1154 1799 ιο·

257 1864 321 1923 tes.
363 1848 544 1923 Enimvero
577 1865 613 1922 et
638 1849 701 1923 illis
730 1846 950 1923 ornatissimis
978 1847 1108 1940 studiis,

258 1963 1108 2062 quaepulcherrimeabadolescentiacomprehen·

257 2078 348 2167 disti,
380 2096 486 2170 utere,
514 2080 730 2178 maximeque
757 2079 906 2170 historia,
933 2097 986 2154 est
1015 2079 1106 2154 enim

258 2194 398 2270 historia
409 2196 488 2270 vitae
502 2195 599 2296 quasi
617 2196 786 2293 magistra,
804 2194 1106 2270 vetustissimorum

258 2310 456 2410 prudentias
474 2328 605 2386 nostras
621 2310 773 2410 quodam
788 2309 894 2384 modo
903 2309 1044 2401 iaciens,
1062 2309 1107 2386 ad
1125 2340 1150 2389 rs

258 2425 481 2501 imitationem
511 2426 846 2526 praeclarissimorum
872 2426 1018 2501 virorum
1048 2450 1108 2500 ac·

258 2541 423 2616 cendens.
443 2543 517 2617 Cur
529 2542 620 2617 enim
634 2559 815 2641 tantopere
833 2541 979 2616 maiores
1001 2541 1106 2615 nostri

258 2656 431 2733 historiam
449 2658 690 2759 comprehensi
703 2674 791 2750 sunt,
802 2658 864 2731 nisi
873 2658 953 2755 quia
963 2658 1008 2731 nil
1016 2656 1107 2732 aliud

257 2797 334 2848 eam
365 2774 514 2850 arbitrati
542 2792 620 2850 sunt
644 2798 745 2872 quam
775 2775 969 2872 exemplum
1004 2774 1107 2848 bonae

256 2889 407 2987 vitaeque
428 2907 465 2964 et
481 2894 634 2966 sanctae?
653 2891 806 2965 Omnem
824 2888 914 2963 enim
932 2888 1108 2963 vetustatis
1122 2920 1153 2956 ιο

256 3003 407 3104 effigiem
424 3030 621 3104 expressam
648 3005 747 3082 nobis
776 3003 911 3080 tradunt
944 3003 1106 3080 historici.

304 3259 339 3322 (a)
354 3273 478 3311 summum
491 3263 518 3311 V.
552 3261 843 3327 (alperipatethioorunr
860 3259 914 3310 CV.
948 3258 983 3323 (7)
998 3259 1107 3309 aristoti-

255 3341 295 3390 les
313 3341 340 3388 V.
374 3339 523 3406 {plangum
542 3340 573 3392 0·
605 3341 656 3405 (ιι)
672 3344 771 3405 pulcer.
785 3340 813 3389 V.
848 3339 898 3404 (14)
914 3338 997 3401 quasi]
1009 3339 1104 3401 quac,

255 3433 303 3470 om.
325 3421 353 3470 V.
388 3419 436 3481 lio.
455 3421 635 3485 17lacoadens
658 3421 712 3472 CV.
746 3419 796 3486 (18)
816 3419 976 3471 historiarum
994 3417 1024 3469 0
1049 3418 1107 3468 nihil

255 3499 325 3550 aliud
346 3502 374 3549 V.
408 3499 457 3562 (19.
477 3499 516 3564 ao)
533 3501 656 3565 boneque
672 3501 724 3551 vite
740 3508 827 3552 sancte
842 3498 873 3549 V.

971 3604 1000 3651 ι.
