2820 4680
703 586 759 651 3¹4

303 740 403 801 Inclita
417 739 479 801 laus
493 740 617 802 humiles
632 741 766 822 sequitur
779 740 899 803 virtutes
912 741 1028 814 amicus,

342 837 444 900 Mollis
458 839 536 899 enim
551 839 638 900 vestis
651 839 769 919 regibus
782 850 851 920 apte
865 838 969 920 placet

302 935 416 1016 Magna
437 935 532 996 solent
553 936 628 997 sltos
656 936 842 999 contundere
873 936 992 998 fulmina
1025 947 1151 1010 montes,

256 1048 288 1094 ⁴0
343 1034 469 1095 Fructus
482 1034 604 1095 tristitie
618 1051 700 1115 sepe
714 1033 875 1115 superbum
884 1033 948 1094 erit.

302 1131 385 1193 Laets
399 1131 573 1194 fructificant
586 1151 655 1194 cum
669 1131 756 1193 valles
771 1132 925 1206 fertilitute,

342 1229 531 1291 Fructificant
545 1229 677 1304 humiles,
695 1242 740 1291 est
754 1229 862 1310 quibus
876 1229 933 1290 alta
946 1229 1041 1309 quies.

299 1328 383 1389 Vana
396 1327 591 1409 superborum
605 1339 708 1389 vacuat
722 1328 838 1388 iactatio
853 1339 981 1389 mentem

342 1426 380 1486 Et
393 1437 513 1488 tenuem
528 1443 656 1507 pennam
670 1437 774 1488 ventus
787 1426 868 1487 abire
883 1425 960 1487 tacit.

255 1537 283 1590 tt
301 1522 399 1584 Firma
412 1523 487 1583 solet
501 1523 590 1585 virtus
604 1523 728 1585 humiles
742 1541 858 1587 servare
872 1523 996 1604 quietes,

341 1623 369 1682 N
373 1641 412 1682 on
427 1621 505 1683 cadit
519 1622 548 1683 in
563 1621 650 1702 plana
663 1622 714 1702 qui
728 1621 886 1703 requiescit
901 1623 1001 1685 humo.

298 1719 387 1801 Saepe
401 1720 475 1780 solet
489 1719 614 1783 blandus
628 1720 742 1782 minuce
755 1720 998 1802 superbiorem,

338 1817 427 1898 Saepe
442 1818 533 1897 magis
546 1817 647 1900 rapida
660 1818 747 1901 plana
762 1817 880 1880 nocebit
893 1837 979 1900 aqua

299 1916 369 1977 Vult
390 1933 506 1978 summo
528 1934 684 1998 superesse
697 1915 766 1991 deo,
783 1935 852 1978 cum
866 1916 994 1996 quisque
1007 1914 1151 1996 superbit,

257 2026 286 2077 50
338 2012 398 2075 Sed
412 2013 523 2075 cedens
536 2012 604 2075 oleo
617 2013 759 2094 quelibet
772 2014 852 2077 unda
865 2014 975 2077 subest.

299 2110 420 2172 Grotior
432 2121 478 2172 est
491 2110 615 2185 humilis,
633 2111 745 2174 latitent
759 2112 838 2173 bona
850 2112 935 2175 cuius
948 2110 977 2172 ia
992 2110 1064 2184 imis,

341 2208 411 2270 Plus
425 2208 492 2288 lngo
505 2227 647 2271 cucumer
660 2209 857 2272 sublatitando
872 2208 976 2292 placet.

301 2306 372 2367 Non
386 2325 457 2369 suus
470 2319 515 2368 est
530 2307 654 2382 humilis,
672 2308 725 2370 sed
739 2325 772 2369 se
786 2308 877 2389 magis
890 2308 1017 2388 abneget
1030 2307 1094 2388 ipse

342 2406 380 2466 Et
395 2404 517 2466 multum
532 2405 659 2467 fructum
674 2417 789 2468 mortus
801 2424 894 2486 grana
908 2406 1014 2468 terunt

256 2514 281 2568 ts
300 2504 418 2564 Pestem
433 2520 521 2564 nemo
536 2514 633 2584 potest
646 2503 775 2565 mulieris
790 2503 867 2565 serre
881 2504 1029 2585 superboe,

341 2601 441 2661 Nemo
455 2600 511 2661 suh
524 2618 652 2662 accenso
665 2602 789 2663 sustinet
800 2602 867 2682 igne
882 2620 1009 2663 manum.

299 2697 403 2760 Gloria
416 2716 492 2778 quos
507 2698 596 2772 inflat,
614 2700 729 2780 crepitu
744 2700 879 2761 iactantia
893 2699 1008 2780 trangit,

339 2795 454 2858 Vesicae
467 2795 588 2859 tumidae
604 2797 739 2879 parvulus
753 2798 828 2859 ictus
841 2796 936 2859 obest

300 2894 363 2955 Dat
375 2894 490 2956 cunctis
503 2893 626 2969 humilis,
643 2894 694 2957 dat
707 2894 896 2956 condimente
908 2893 1029 2976 saporis,

254 2999 286 3044 ⁶0
341 2992 466 3054 Fercula
479 3010 547 3054 cum
561 2991 670 3067 condit,
687 2991 779 3074 diligit
792 2992 850 3053 ims
864 2993 958 3075 piper.

301 3091 418 3171 Regum
431 3090 523 3153 corda
535 3091 631 3152 solent
645 3091 769 3153 humiles
783 3109 889 3174 pactue
900 3092 1029 3167 ministri,

342 3190 410 3251 Nec
423 3189 477 3252 sibi
492 3189 642 3272 prostratis
654 3189 714 3253 vult
728 3190 808 3253 letus
821 3208 886 3254 esse
899 3189 957 3253 leo.

346 3392 397 3458 οῦ)
421 3396 523 3457 placent
547 3395 578 3445 C·
612 3394 661 3460 (39)
678 3396 838 3460 confungen
854 3395 884 3447 G
918 3394 968 3459 (44)
985 3408 1076 3458 penam
1092 3409 1155 3446 vea-

299 3480 341 3522 ter
356 3472 387 3524 C.
411 3472 462 3537 (46)
479 3475 625 3537 ταινίωσαι
639 3475 669 3526 G
704 3477 754 3540 (51)
777 3476 885 3525 humiles
901 3475 933 3525 G
966 3474 1016 3538 (μ)
1033 3476 1082 3525 sub
1099 3477 1154 3526 lati·

299 3552 377 3602 tando
390 3552 420 3602 C.
455 3552 504 3616 (58)
521 3555 599 3604 visice
616 3554 646 3604 C.
681 3553 731 3617 (όι)
748 3568 857 3617 paccare
875 3554 905 3604 C.
