2820 4680
883 532 921 599 74

478 720 581 769 nemo
596 694 627 766 in
641 695 751 766 Ysota
763 694 928 790 superbas
941 715 1039 765 aures
1053 693 1181 766 habere
1195 708 1324 789 posset,

478 811 603 884 nullum
628 808 787 882 libentius
804 823 991 905 sequentur
1015 807 1204 893 consilium,
1223 832 1325 904 quam

477 923 573 1023 quod
591 940 625 997 tu
642 923 889 1021 sapientissime
907 948 948 997 ac
966 923 1176 997 sanctissime
1206 925 1327 995 attuie-

478 1040 531 1113 ris.
557 1041 791 1113 Romanorum
809 1055 845 1111 et
862 1038 1063 1112 Sabinorum
1081 1038 1239 1136 proelium
1255 1063 1326 1110 mu-

452 1178 462 1230 t
477 1154 594 1229 lierum
609 1154 738 1253 pietate
752 1170 916 1252 regnante
927 1156 1080 1228 Romulo
1093 1154 1248 1228 sedatum
1263 1169 1326 1239 est,

478 1293 683 1368 quamquam
718 1285 824 1367 capto
854 1294 875 1343 a
903 1269 1035 1343 Sabinis
1053 1327 1174 1342 .....
1195 1269 1327 1343 collatis

477 1384 580 1483 signis
613 1383 828 1460 vindicandae
863 1385 991 1459 iniuriae
1024 1409 1128 1459 causa
1154 1386 1185 1457 in
1212 1384 1328 1457 medio

478 1501 555 1575 soro
571 1518 787 1600 pugnaretur.
806 1502 1010 1575 Volscorum
1029 1501 1183 1598 legiones
1201 1501 1328 1574 Corio

477 1619 557 1690 lano
586 1615 689 1705 duce,
724 1615 847 1713 quibus
880 1618 1004 1690 obruta
1038 1618 1116 1689 urbs
1150 1617 1277 1706 suisset,
1308 1641 1329 1689 a

437 1759 466 1794 10
477 1732 598 1830 quinto
631 1731 776 1805 civitatis
809 1729 923 1828 lapide
957 1747 1183 1804 matronarum
1217 1732 1328 1804 verbis

478 1873 608 1923 aversae
632 1863 719 1921 sunt.
751 1845 785 1920 si
803 1846 1013 1921 orationibus
1031 1862 1207 1921 cesserunt
1224 1871 1327 1934 arma,

479 1964 583 2037 tacite
592 1961 796 2037 auctoritate
806 1980 873 2051 tua,
884 1987 964 2058 quae
974 1962 1150 2059 plurimum
1165 1962 1329 2034 momenti

480 2081 587 2153 habes
604 2095 639 2152 et
656 2077 753 2152 cuius
769 2077 871 2151 virtus
889 2077 980 2176 apud
998 2102 1119 2151 omnes
1136 2077 1247 2174 magni
1265 2094 1329 2166 est,

480 2194 555 2268 lites
580 2209 841 2292 componentur.
875 2190 985 2292 Quod
1010 2192 1036 2265 si
1056 2218 1124 2266 non
1142 2191 1329 2282 accideret,

438 2328 463 2379 15
480 2334 575 2407 roga,
601 2309 742 2407 castiga,
768 2307 869 2393 aude,
897 2333 965 2382 non
993 2307 1165 2383 fastidient
1194 2331 1329 2407 preces,

481 2450 549 2498 non
576 2424 837 2522 indignabuntur
862 2425 1120 2523 reprensiones;
1152 2423 1214 2498 sed
1232 2425 1258 2496 si
1277 2449 1330 2497 se-

480 2541 586 2615 curim
612 2541 660 2614 vis
686 2539 730 2614 ad
756 2540 906 2615 radicem
933 2567 1076 2640 ponere,
1107 2541 1153 2615 da
1176 2564 1330 2637 operam,

481 2657 590 2755 primo
628 2659 843 2732 consultores
882 2683 950 2732 non
980 2657 1129 2747 audiant,
1160 2657 1217 2755 qui
1248 2656 1330 2729 lucri

481 2796 584 2846 causa
596 2788 632 2846 et
649 2771 866 2871 obsequendi
884 2772 998 2847 studio
1011 2772 1181 2846 erroribus
1200 2788 1331 2843 mentes

439 2909 469 2945 ²0
481 2888 638 2974 nutrient,
656 2906 692 2961 et
718 2888 749 2960 in
769 2888 820 2962 his
837 2887 977 2987 depone
995 2887 1202 2972 facilitatem,
1229 2885 1332 2959 induc

481 3003 707 3092 severitatem,
734 3004 761 3076 si
795 3028 850 3077 res
874 3003 989 3100 exigit.
1015 3005 1105 3076 Nam
1133 3001 1165 3073 in
1191 2999 1332 3073 admini-

481 3119 644 3192 stratione
670 3118 762 3192 navis
787 3119 855 3192 alio
881 3119 913 3191 in
939 3116 1102 3207 secunda,
1128 3116 1196 3190 alio
1223 3116 1254 3188 in
1272 3114 1332 3189 ad-

529 3416 690 3479 (rJYsotaC.
724 3416 1011 3481 (6)Excr'dr'tCapitotio.
1040 3415 1192 3466 cottactisc
1220 3416 1254 3476 (7)
1269 3429 1333 3465 caue

484 3496 513 3546 C.
543 3495 578 3557 (o)
593 3497 705 3559 obrupta
721 3496 750 3547 G
786 3497 1103 3561 (12Jtacirnuctatarua
1119 3496 1149 3546 G
