2820 4680
519 566 573 630 aar

120 719 313 818 Gregorius
338 737 469 810 censet,
489 720 629 795 minoris
646 722 761 820 culpae
778 721 974 798 existiman-

120 853 182 910 tur.
200 838 377 912 Praeterea
394 836 457 911 nisi
474 835 585 911 Adam
603 837 825 927 comedisset,
845 862 974 937 pecca-

119 969 190 1026 turn
217 954 303 1027 ultra
328 976 546 1050 progressum
564 978 633 1025 non
653 952 780 1027 luisset.
810 953 973 1051 Namque

118 1067 145 1142 si
172 1067 292 1141 mulier
316 1069 391 1142 sola
407 1085 602 1165 peccasset,
621 1067 762 1165 posteri,
779 1067 807 1142 si
825 1068 885 1165 qui
903 1067 971 1143 nati

117 1182 271 1273 fuissent,
289 1207 497 1281 quamquam
511 1182 670 1259 desectus
682 1185 884 1282 corporales
893 1207 972 1282 pas·
1003 1218 1014 1270 ς

116 1297 382 1396 sibilitatemque
402 1297 664 1388 contraxissent,
683 1323 753 1372 non
771 1314 885 1373 tamen
902 1299 971 1383 ori·

115 1414 218 1512 ginali
235 1416 350 1512 culpae
368 1414 437 1490 nati
459 1414 601 1489 luissent
618 1412 761 1489 obnoxii
775 1438 890 1511 neque
907 1439 971 1490 eos

115 1531 301 1605 sensissent
318 1530 487 1620 desectus,
501 1531 561 1629 qui
574 1548 652 1605 sunt
664 1555 709 1605 ex
722 1546 821 1629 parte
833 1529 968 1623 animae,

115 1646 290 1744 quoniam,
318 1663 354 1720 ut
378 1645 550 1721 Aristoteli
578 1645 717 1743 placuit,
743 1669 872 1744 corpus
898 1670 968 1719 non

114 1777 168 1835 est
185 1761 247 1835 nisi
264 1785 310 1835 ex
327 1759 726 1850 soemina,anirnaautem
739 1783 785 1833 ex
802 1761 967 1852 masculo,
985 1795 1015 1831 10

115 1901 184 1949 non
202 1875 259 1966 ita,
273 1875 371 1974 quod
388 1875 501 1950 anima
518 1874 692 1950 rationalis
709 1872 907 1950 traducatur
923 1900 968 1950 ex

113 1991 255 2082 semine,
273 1991 336 2066 sed
354 1991 435 2089 quia
451 1990 484 2064 in
501 1990 632 2066 semine
650 2008 704 2066 est
720 1989 824 2065 virtus
841 1989 967 2066 forma·

115 2107 192 2197 tiva,
220 2131 282 2204 per
307 2131 410 2205 quam
437 2107 469 2180 in
487 2106 561 2181 aliis
577 2105 779 2182 animalibus
797 2104 967 2179 inducitur

113 2223 226 2298 anima
246 2223 425 2312 sensibilis,
444 2222 477 2296 in
496 2221 635 2297 homine
653 2246 737 2295 vero
754 2220 967 2320 organizatur

113 2363 241 2437 corpus
258 2355 294 2412 et
307 2354 517 2436 praeparatur
529 2335 574 2412 ad
587 2335 824 2435 receptionem
842 2335 967 2411 anirnae
983 2372 1009 2427 ις

113 2454 294 2528 rationalis.
314 2452 419 2529 Unde
436 2478 505 2527 non
515 2452 656 2529 dicitur:
675 2451 710 2527 Si
721 2455 791 2526 Eva
803 2477 872 2526 non
882 2475 967 2550 pec·

112 2584 246 2659 cassat,
289 2569 448 2643 Christus
491 2571 672 2643 humanam
706 2566 862 2664 speciem
896 2592 965 2641 non

112 2683 288 2773 induisset,
314 2707 382 2758 nec
406 2682 567 2759 audiendi
593 2681 735 2756 omnino
751 2697 829 2756 sunt
847 2679 966 2754 dicen·

112 2815 175 2889 tes,
194 2798 290 2897 quod
315 2798 344 2873 si
360 2797 471 2874 Adam
491 2823 559 2872 non
579 2812 773 2896 peccasset,
793 2795 887 2870 ⁴lilius
908 2795 965 2870 dei

112 2931 227 2988 tamen
262 2916 369 2988 homo
399 2913 518 2988 suisset
547 2914 666 2988 sactus.
704 2912 844 3009 Ubique
873 2911 964 2985 enirn
979 2953 1011 2989 ιο

111 3030 217 3105 sacris
243 3031 276 3104 in
303 3029 422 3104 litteris
439 3027 680 3104 incarnationis
697 3050 820 3103 caussa
836 3049 965 3123 pecca·

112 3161 182 3221 tum
200 3146 406 3245 adsignatur.
435 3146 477 3218 Et
502 3143 656 3241 quamvis
673 3140 793 3217 mulier
809 3165 888 3216 curn
906 3165 964 3232 eo,

111 3262 157 3336 de
187 3287 259 3360 quo
293 3278 367 3337 erat
397 3258 564 3349 traducta,
591 3258 624 3332 in
655 3254 802 3356 paradisi
831 3255 965 3331 deliciis

111 3396 310 3468 moraretur,
337 3376 430 3475 prius
455 3376 530 3474 ipsa
546 3391 661 3448 tamen
679 3374 779 3448 malae
795 3370 964 3447 suasionis

110 3493 267 3567 insultum
295 3515 460 3590 perpessa
484 3507 549 3580 est,
576 3513 691 3587 neque
714 3504 810 3562 certe
827 3484 1004 3586 generis„
