<?xml version="1.0" encoding="UTF-8"?>
<!DOCTYPE html PUBLIC "-//W3C//DTD XHTML 1.0 Transitional//EN"
    "http://www.w3.org/TR/xhtml1/DTD/xhtml1-transitional.dtd">
<html xmlns="http://www.w3.org/1999/xhtml" xml:lang="en" lang="en">
 <head>
  <title>
</title>
<meta http-equiv="Content-Type" content="text/html;charset=utf-8" />
  <meta name='ocr-system' content='tesseract 3.04.00' />
  <meta name='ocr-capabilities' content='ocr_page ocr_carea ocr_par ocr_line ocrx_word'/>
</head>
<body>
  <div class='ocr_page' id='page_1' title='image "./isotnogarolvero01nogagoog/isotnogarolvero01nogagoog_0292.png"; bbox 0 0 2814 5116; ppageno 0'>
   <div class='ocr_carea' id='block_1_1' title="bbox 652 1010 705 1087">
    <p class='ocr_par' dir='ltr' id='par_1_1' title="bbox 652 1010 705 1087">
     <span class='ocr_line' id='line_1_1' title="bbox 652 1010 705 1087; baseline 0 -17"><span class='ocrx_word' id='word_1_1' title='bbox 652 1010 705 1087; x_wconf 81' lang='lat'>283</span> 
     </span>
    </p>
   </div>
   <div class='ocr_carea' id='block_1_2' title="bbox 252 1180 1156 3472">
    <p class='ocr_par' dir='ltr' id='par_1_2' title="bbox 252 1180 1156 3472">
     <span class='ocr_line' id='line_1_2' title="bbox 252 1180 1104 1278; baseline -0.001 -25"><span class='ocrx_word' id='word_1_2' title='bbox 252 1182 360 1254; x_wconf 88' lang='lat' dir='ltr'>thiara</span> <span class='ocrx_word' id='word_1_3' title='bbox 389 1183 519 1254; x_wconf 82' lang='lat' dir='ltr'>velatus</span> <span class='ocrx_word' id='word_1_4' title='bbox 548 1206 569 1254; x_wconf 98' lang='lat' dir='ltr'>e</span> <span class='ocrx_word' id='word_1_5' title='bbox 600 1181 706 1254; x_wconf 94' lang='lat' dir='ltr'>domo</span> <span class='ocrx_word' id='word_1_6' title='bbox 736 1205 797 1254; x_wconf 88' lang='lat' dir='ltr'>sua</span> <span class='ocrx_word' id='word_1_7' title='bbox 828 1180 981 1278; x_wconf 83' lang='lat' dir='ltr'>Megaris</span> <span class='ocrx_word' id='word_1_8' title='bbox 1007 1204 1104 1253; x_wconf 93' lang='lat' dir='ltr'>com-</span> 
     </span>
     <span class='ocr_line' id='line_1_3' title="bbox 253 1295 1104 1392; baseline -0.002 -23"><span class='ocrx_word' id='word_1_9' title='bbox 253 1297 401 1386; x_wconf 84' lang='lat' dir='ltr'><strong>meabat,</strong></span> <span class='ocrx_word' id='word_1_10' title='bbox 429 1312 465 1368; x_wconf 93' lang='lat' dir='ltr'>ut</span> <span class='ocrx_word' id='word_1_11' title='bbox 490 1298 543 1369; x_wconf 88' lang='lat' dir='ltr'>vel</span> <span class='ocrx_word' id='word_1_12' title='bbox 572 1296 682 1369; x_wconf 87' lang='lat' dir='ltr'>noctis</span> <span class='ocrx_word' id='word_1_13' title='bbox 709 1313 866 1392; x_wconf 91' lang='lat' dir='ltr'>tempore</span> <span class='ocrx_word' id='word_1_14' title='bbox 884 1295 1104 1369; x_wconf 90' lang='lat' dir='ltr'>consiliorum</span> 
     </span>
     <span class='ocr_line' id='line_1_4' title="bbox 253 1412 1106 1509; baseline -0.002 -24"><span class='ocrx_word' id='word_1_15' title='bbox 253 1437 518 1509; x_wconf 86' lang='lat' dir='ltr'>sermonumque</span> <span class='ocrx_word' id='word_1_16' title='bbox 537 1412 688 1486; x_wconf 86' lang='lat' dir='ltr'>Socratis</span> <span class='ocrx_word' id='word_1_17' title='bbox 714 1412 813 1486; x_wconf 88' lang='lat' dir='ltr'>fieret</span> <span class='ocrx_word' id='word_1_18' title='bbox 835 1412 1008 1509; x_wconf 87' lang='lat' dir='ltr'>particeps</span> <span class='ocrx_word' id='word_1_19' title='bbox 1034 1436 1106 1484; x_wconf 93' lang='lat' dir='ltr'>rur-</span> 
     </span>
     <span class='ocr_line' id='line_1_5' title="bbox 253 1526 1105 1625; baseline 0 -26"><span class='ocrx_word' id='word_1_20' title='bbox 253 1543 380 1625; x_wconf 86' lang='lat' dir='ltr'>susque</span> <span class='ocrx_word' id='word_1_21' title='bbox 405 1530 470 1601; x_wconf 92' lang='lat' dir='ltr'>sub</span> <span class='ocrx_word' id='word_1_22' title='bbox 487 1530 565 1601; x_wconf 93' lang='lat' dir='ltr'>luce</span> <span class='ocrx_word' id='word_1_23' title='bbox 584 1528 674 1601; x_wconf 87' lang='lat' dir='ltr'>milia</span> <span class='ocrx_word' id='word_1_24' title='bbox 692 1552 811 1624; x_wconf 91' lang='lat' dir='ltr'>passus</span> <span class='ocrx_word' id='word_1_25' title='bbox 828 1528 972 1625; x_wconf 84' lang='lat' dir='ltr'>amplius</span> <span class='ocrx_word' id='word_1_26' title='bbox 990 1526 1105 1624; x_wconf 87' lang='lat' dir='ltr'>viginti</span> 
     </span>
     <span class='ocr_line' id='line_1_6' title="bbox 253 1641 1148 1722; baseline -0.002 -6"><span class='ocrx_word' id='word_1_27' title='bbox 253 1643 375 1716; x_wconf 92' lang='lat' dir='ltr'>eadem</span> <span class='ocrx_word' id='word_1_28' title='bbox 396 1643 450 1716; x_wconf 88' lang='lat' dir='ltr'>illa</span> <span class='ocrx_word' id='word_1_29' title='bbox 467 1660 563 1717; x_wconf 91' lang='lat' dir='ltr'>veste</span> <span class='ocrx_word' id='word_1_30' title='bbox 581 1661 693 1716; x_wconf 89' lang='lat' dir='ltr'>tectus</span> <span class='ocrx_word' id='word_1_31' title='bbox 712 1643 855 1717; x_wconf 86' lang='lat' dir='ltr'>redibat.</span> <span class='ocrx_word' id='word_1_32' title='bbox 876 1642 997 1715; x_wconf 90' lang='lat' dir='ltr'>Noluit</span> <span class='ocrx_word' id='word_1_33' title='bbox 1014 1641 1105 1715; x_wconf 92' lang='lat' dir='ltr'>enim</span> <span class='ocrx_word' id='word_1_34' title='bbox 1139 1670 1148 1722; x_wconf 82' lang='lat' dir='ltr'>t</span> 
     </span>
     <span class='ocr_line' id='line_1_7' title="bbox 254 1758 1106 1855; baseline -0.002 -23"><span class='ocrx_word' id='word_1_35' title='bbox 254 1760 303 1832; x_wconf 87' lang='lat' dir='ltr'>vir</span> <span class='ocrx_word' id='word_1_36' title='bbox 321 1759 384 1833; x_wconf 90' lang='lat' dir='ltr'>iste</span> <span class='ocrx_word' id='word_1_37' title='bbox 403 1759 634 1832; x_wconf 87' lang='lat' dir='ltr'>sanctissimus</span> <span class='ocrx_word' id='word_1_38' title='bbox 651 1758 780 1855; x_wconf 88' lang='lat' dir='ltr'>aliquid</span> <span class='ocrx_word' id='word_1_39' title='bbox 798 1759 842 1832; x_wconf 90' lang='lat' dir='ltr'>ad</span> <span class='ocrx_word' id='word_1_40' title='bbox 861 1783 1027 1831; x_wconf 91' lang='lat' dir='ltr'>summum</span> <span class='ocrx_word' id='word_1_41' title='bbox 1045 1782 1106 1830; x_wconf 86' lang='lat' dir='ltr'>ex·</span> 
     </span>
     <span class='ocr_line' id='line_1_8' title="bbox 254 1874 1106 1949; baseline 0.001 -2"><span class='ocrx_word' id='word_1_42' title='bbox 254 1874 426 1948; x_wconf 86' lang='lat' dir='ltr'>cellentiae</span> <span class='ocrx_word' id='word_1_43' title='bbox 442 1891 478 1947; x_wconf 91' lang='lat' dir='ltr'>et</span> <span class='ocrx_word' id='word_1_44' title='bbox 496 1874 683 1948; x_wconf 88' lang='lat' dir='ltr'>sanctitatis</span> <span class='ocrx_word' id='word_1_45' title='bbox 697 1876 869 1947; x_wconf 83' lang='lat' dir='ltr'>cumulum</span> <span class='ocrx_word' id='word_1_46' title='bbox 884 1899 927 1948; x_wconf 94' lang='lat' dir='ltr'>ac</span> <span class='ocrx_word' id='word_1_47' title='bbox 940 1874 1106 1949; x_wconf 88' lang='lat' dir='ltr'>decorem</span> 
     </span>
     <span class='ocr_line' id='line_1_9' title="bbox 253 1989 1108 2080; baseline 0 -18"><span class='ocrx_word' id='word_1_48' title='bbox 253 1990 316 2063; x_wconf 82' lang='lat' dir='ltr'>sibi</span> <span class='ocrx_word' id='word_1_49' title='bbox 342 1990 475 2063; x_wconf 89' lang='lat' dir='ltr'>luminis</span> <span class='ocrx_word' id='word_1_50' title='bbox 500 1992 635 2080; x_wconf 89' lang='lat' dir='ltr'>abesse,</span> <span class='ocrx_word' id='word_1_51' title='bbox 660 1990 724 2064; x_wconf 89' lang='lat' dir='ltr'>sed</span> <span class='ocrx_word' id='word_1_52' title='bbox 750 1990 876 2062; x_wconf 85' lang='lat' dir='ltr'>invertit</span> <span class='ocrx_word' id='word_1_53' title='bbox 894 1990 943 2062; x_wconf 91' lang='lat' dir='ltr'>vir</span> <span class='ocrx_word' id='word_1_54' title='bbox 959 1989 1015 2063; x_wconf 88' lang='lat' dir='ltr'>ille</span> <span class='ocrx_word' id='word_1_55' title='bbox 1034 1990 1108 2063; x_wconf 90' lang='lat' dir='ltr'>ubi-</span> 
     </span>
     <span class='ocr_line' id='line_1_10' title="bbox 254 2105 1107 2203; baseline 0 -24"><span class='ocrx_word' id='word_1_56' title='bbox 254 2131 324 2202; x_wconf 92' lang='lat' dir='ltr'>que</span> <span class='ocrx_word' id='word_1_57' title='bbox 350 2105 446 2202; x_wconf 92' lang='lat' dir='ltr'>quod</span> <span class='ocrx_word' id='word_1_58' title='bbox 465 2105 625 2195; x_wconf 88' lang='lat' dir='ltr'>disceret,</span> <span class='ocrx_word' id='word_1_59' title='bbox 645 2106 701 2177; x_wconf 94' lang='lat' dir='ltr'>ubi</span> <span class='ocrx_word' id='word_1_60' title='bbox 727 2130 864 2203; x_wconf 87' lang='lat' dir='ltr'>semper</span> <span class='ocrx_word' id='word_1_61' title='bbox 882 2105 1107 2203; x_wconf 86' lang='lat' dir='ltr'>proficiscens</span> 
     </span>
     <span class='ocr_line' id='line_1_11' title="bbox 255 2219 1153 2318; baseline -0.001 -25"><span class='ocrx_word' id='word_1_62' title='bbox 255 2246 392 2318; x_wconf 86' lang='lat' dir='ltr'>semper</span> <span class='ocrx_word' id='word_1_63' title='bbox 426 2222 546 2294; x_wconf 90' lang='lat' dir='ltr'>melior</span> <span class='ocrx_word' id='word_1_64' title='bbox 581 2222 688 2294; x_wconf 88' lang='lat' dir='ltr'>fieret.</span> <span class='ocrx_word' id='word_1_65' title='bbox 716 2220 828 2293; x_wconf 90' lang='lat' dir='ltr'>Vitam</span> <span class='ocrx_word' id='word_1_66' title='bbox 859 2219 1021 2318; x_wconf 66' lang='lat' dir='ltr'>legendo</span> <span class='ocrx_word' id='word_1_67' title='bbox 1056 2223 1107 2293; x_wconf 78' lang='lat' dir='ltr'>io</span> <span class='ocrx_word' id='word_1_68' title='bbox 1123 2247 1153 2283; x_wconf 78' lang='grc' dir='ltr'>ιο</span> 
     </span>
     <span class='ocr_line' id='line_1_12' title="bbox 254 2335 1107 2434; baseline -0.002 -24"><span class='ocrx_word' id='word_1_69' title='bbox 254 2337 408 2434; x_wconf 85' lang='lat' dir='ltr'>queodo‚</span> <span class='ocrx_word' id='word_1_70' title='bbox 447 2336 666 2434; x_wconf 88' lang='lat' dir='ltr'>disputand0,</span> <span class='ocrx_word' id='word_1_71' title='bbox 701 2335 887 2409; x_wconf 89' lang='lat' dir='ltr'>scribendo</span> <span class='ocrx_word' id='word_1_72' title='bbox 933 2336 1107 2409; x_wconf 86' lang='lat' dir='ltr'>iocundis-</span> 
     </span>
     <span class='ocr_line' id='line_1_13' title="bbox 255 2450 1108 2548; baseline -0.001 -23"><span class='ocrx_word' id='word_1_73' title='bbox 255 2453 339 2525; x_wconf 89' lang='lat' dir='ltr'>sime</span> <span class='ocrx_word' id='word_1_74' title='bbox 365 2452 650 2548; x_wconf 88' lang='lat' dir='ltr'>sanctissimeque</span> <span class='ocrx_word' id='word_1_75' title='bbox 677 2450 766 2523; x_wconf 88' lang='lat' dir='ltr'>trivit</span> <span class='ocrx_word' id='word_1_76' title='bbox 787 2477 901 2548; x_wconf 87' lang='lat' dir='ltr'>neque</span> <span class='ocrx_word' id='word_1_77' title='bbox 921 2476 1108 2548; x_wconf 85' lang='lat' dir='ltr'>unquama</span> 
     </span>
     <span class='ocr_line' id='line_1_14' title="bbox 256 2566 1107 2664; baseline 0 -24"><span class='ocrx_word' id='word_1_78' title='bbox 256 2594 319 2640; x_wconf 93' lang='lat' dir='ltr'>suo</span> <span class='ocrx_word' id='word_1_79' title='bbox 337 2592 445 2664; x_wconf 89' lang='lat' dir='ltr'>opere</span> <span class='ocrx_word' id='word_1_80' title='bbox 460 2566 606 2640; x_wconf 88' lang='lat' dir='ltr'>cessavit</span> <span class='ocrx_word' id='word_1_81' title='bbox 619 2584 677 2640; x_wconf 91' lang='lat' dir='ltr'>aut</span> <span class='ocrx_word' id='word_1_82' title='bbox 691 2567 815 2640; x_wconf 90' lang='lat' dir='ltr'>studio.</span> <span class='ocrx_word' id='word_1_83' title='bbox 836 2567 1004 2640; x_wconf 84' lang='lat' dir='ltr'>intellexit</span> <span class='ocrx_word' id='word_1_84' title='bbox 1016 2567 1107 2641; x_wconf 92' lang='lat' dir='ltr'>enim</span> 
     </span>
     <span class='ocr_line' id='line_1_15' title="bbox 256 2682 1108 2773; baseline 0 -18"><span class='ocrx_word' id='word_1_85' title='bbox 256 2683 456 2756; x_wconf 84' lang='lat' dir='ltr'>servusdei</span> <span class='ocrx_word' id='word_1_86' title='bbox 483 2683 562 2755; x_wconf 89' lang='lat' dir='ltr'>nihil</span> <span class='ocrx_word' id='word_1_87' title='bbox 589 2682 722 2756; x_wconf 90' lang='lat' dir='ltr'>dulcius</span> <span class='ocrx_word' id='word_1_88' title='bbox 748 2682 822 2756; x_wconf 93' lang='lat' dir='ltr'>otio</span> <span class='ocrx_word' id='word_1_89' title='bbox 856 2684 1025 2773; x_wconf 90' lang='lat' dir='ltr'>litterato;</span> <span class='ocrx_word' id='word_1_90' title='bbox 1057 2683 1108 2755; x_wconf 91' lang='lat' dir='ltr'>his</span> 
     </span>
     <span class='ocr_line' id='line_1_16' title="bbox 257 2797 1150 2894; baseline 0 -23"><span class='ocrx_word' id='word_1_91' title='bbox 257 2798 340 2871; x_wconf 91' lang='lat' dir='ltr'>dico</span> <span class='ocrx_word' id='word_1_92' title='bbox 358 2798 486 2886; x_wconf 89' lang='lat' dir='ltr'>litteris,</span> <span class='ocrx_word' id='word_1_93' title='bbox 505 2798 629 2894; x_wconf 90' lang='lat' dir='ltr'>quibus</span> <span class='ocrx_word' id='word_1_94' title='bbox 648 2797 846 2871; x_wconf 87' lang='lat' dir='ltr'>infinitatem</span> <span class='ocrx_word' id='word_1_95' title='bbox 873 2823 984 2872; x_wconf 89' lang='lat' dir='ltr'>rerum</span> <span class='ocrx_word' id='word_1_96' title='bbox 1003 2815 1108 2894; x_wconf 89' lang='lat' dir='ltr'>atque</span> <span class='ocrx_word' id='word_1_97' title='bbox 1125 2825 1150 2878; x_wconf 74' lang='grc' dir='ltr'>ις</span> 
     </span>
     <span class='ocr_line' id='line_1_17' title="bbox 258 2912 1107 3009; baseline 0.002 -26"><span class='ocrx_word' id='word_1_98' title='bbox 258 2930 388 2986; x_wconf 89' lang='lat' dir='ltr'>naturae</span> <span class='ocrx_word' id='word_1_99' title='bbox 405 2930 441 2985; x_wconf 93' lang='lat' dir='ltr'>et</span> <span class='ocrx_word' id='word_1_100' title='bbox 458 2914 527 2985; x_wconf 89' lang='lat' dir='ltr'>hoc</span> <span class='ocrx_word' id='word_1_101' title='bbox 543 2913 618 3009; x_wconf 91' lang='lat' dir='ltr'>ipso</span> <span class='ocrx_word' id='word_1_102' title='bbox 632 2913 664 2985; x_wconf 90' lang='lat' dir='ltr'>in</span> <span class='ocrx_word' id='word_1_103' title='bbox 680 2912 808 2985; x_wconf 89' lang='lat' dir='ltr'>mundo</span> <span class='ocrx_word' id='word_1_104' title='bbox 822 2914 958 3003; x_wconf 88' lang='lat' dir='ltr'>caelum,</span> <span class='ocrx_word' id='word_1_105' title='bbox 972 2929 1107 3002; x_wconf 88' lang='lat' dir='ltr'>terram,</span> 
     </span>
     <span class='ocr_line' id='line_1_18' title="bbox 259 3027 1106 3126; baseline 0.002 -28"><span class='ocrx_word' id='word_1_106' title='bbox 259 3027 363 3099; x_wconf 90' lang='lat' dir='ltr'>maria</span> <span class='ocrx_word' id='word_1_107' title='bbox 380 3045 416 3100; x_wconf 91' lang='lat' dir='ltr'>et</span> <span class='ocrx_word' id='word_1_108' title='bbox 434 3029 542 3124; x_wconf 91' lang='lat' dir='ltr'>ipsum</span> <span class='ocrx_word' id='word_1_109' title='bbox 562 3028 665 3101; x_wconf 88' lang='lat' dir='ltr'>deum</span> <span class='ocrx_word' id='word_1_110' title='bbox 684 3028 834 3124; x_wconf 91' lang='lat' dir='ltr'>denique</span> <span class='ocrx_word' id='word_1_111' title='bbox 852 3027 1106 3126; x_wconf 86' lang='lat' dir='ltr'>cognoscimus.</span> 
     </span>
     <span class='ocr_line' id='line_1_19' title="bbox 259 3142 1108 3241; baseline 0.002 -28"><span class='ocrx_word' id='word_1_112' title='bbox 259 3145 346 3216; x_wconf 88' lang='lat' dir='ltr'>Tam</span> <span class='ocrx_word' id='word_1_113' title='bbox 372 3143 462 3215; x_wconf 89' lang='lat' dir='ltr'>enim</span> <span class='ocrx_word' id='word_1_114' title='bbox 496 3145 600 3216; x_wconf 90' lang='lat' dir='ltr'>multa</span> <span class='ocrx_word' id='word_1_115' title='bbox 626 3143 719 3241; x_wconf 86' lang='lat' dir='ltr'>legit,</span> <span class='ocrx_word' id='word_1_116' title='bbox 738 3161 774 3216; x_wconf 90' lang='lat' dir='ltr'>ut</span> <span class='ocrx_word' id='word_1_117' title='bbox 803 3142 974 3217; x_wconf 88' lang='lat' dir='ltr'>scribendi</span> <span class='ocrx_word' id='word_1_118' title='bbox 1001 3143 1108 3215; x_wconf 88' lang='lat' dir='ltr'>otium</span> 
     </span>
     <span class='ocr_line' id='line_1_20' title="bbox 258 3258 1109 3355; baseline 0 -26"><span class='ocrx_word' id='word_1_119' title='bbox 258 3258 321 3330; x_wconf 90' lang='lat' dir='ltr'>sibi</span> <span class='ocrx_word' id='word_1_120' title='bbox 340 3258 579 3355; x_wconf 86' lang='lat' dir='ltr'>suppeditasse</span> <span class='ocrx_word' id='word_1_121' title='bbox 597 3259 773 3347; x_wconf 89' lang='lat' dir='ltr'>miremur;</span> <span class='ocrx_word' id='word_1_122' title='bbox 793 3275 861 3331; x_wconf 92' lang='lat' dir='ltr'>tam</span> <span class='ocrx_word' id='word_1_123' title='bbox 881 3260 985 3330; x_wconf 89' lang='lat' dir='ltr'>multa</span> <span class='ocrx_word' id='word_1_124' title='bbox 1001 3258 1109 3354; x_wconf 81' lang='lat' dir='ltr'>scrip</span> 
     </span>
     <span class='ocr_line' id='line_1_21' title="bbox 259 3373 1156 3472; baseline -0.001 -25"><span class='ocrx_word' id='word_1_125' title='bbox 259 3375 312 3464; x_wconf 89' lang='lat' dir='ltr'>sit,</span> <span class='ocrx_word' id='word_1_126' title='bbox 344 3393 379 3447; x_wconf 91' lang='lat' dir='ltr'>ut</span> <span class='ocrx_word' id='word_1_127' title='bbox 408 3375 463 3447; x_wconf 90' lang='lat' dir='ltr'>vix</span> <span class='ocrx_word' id='word_1_128' title='bbox 494 3399 703 3472; x_wconf 89' lang='lat' dir='ltr'>quemquam</span> <span class='ocrx_word' id='word_1_129' title='bbox 733 3399 777 3448; x_wconf 92' lang='lat' dir='ltr'>ea</span> <span class='ocrx_word' id='word_1_130' title='bbox 806 3377 922 3472; x_wconf 85' lang='lat' dir='ltr'>legere</span> <span class='ocrx_word' id='word_1_131' title='bbox 957 3373 1110 3471; x_wconf 88' lang='lat' dir='ltr'>potuisse</span> <span class='ocrx_word' id='word_1_132' title='bbox 1125 3401 1156 3436; x_wconf 85' lang='lat'>20</span> 
     </span>
    </p>
   </div>
   <div class='ocr_carea' id='block_1_3' title="bbox 260 3576 1111 4040">
    <p class='ocr_par' dir='ltr' id='par_1_3' title="bbox 260 3576 1111 4040">
     <span class='ocr_line' id='line_1_22' title="bbox 307 3576 1108 3640; baseline 0 -16"><span class='ocrx_word' id='word_1_133' title='bbox 307 3577 341 3640; x_wconf 85' lang='lat'>(1)</span> <span class='ocrx_word' id='word_1_134' title='bbox 369 3578 450 3640; x_wconf 82' lang='lat' dir='ltr'>thyaitt</span> <span class='ocrx_word' id='word_1_135' title='bbox 478 3578 511 3627; x_wconf 87' lang='lat' dir='ltr'>G.</span> <span class='ocrx_word' id='word_1_136' title='bbox 564 3590 678 3640; x_wconf 82' lang='lat' dir='ltr'>megaras</span> <span class='ocrx_word' id='word_1_137' title='bbox 702 3578 734 3626; x_wconf 87' lang='grc' dir='ltr'>Β,</span> <span class='ocrx_word' id='word_1_138' title='bbox 785 3578 817 3639; x_wconf 78' lang='grc' dir='ltr'>(ι.</span> <span class='ocrx_word' id='word_1_139' title='bbox 844 3577 867 3639; x_wconf 83' lang='lat'>2)</span> <span class='ocrx_word' id='word_1_140' title='bbox 890 3576 1023 3625; x_wconf 81' lang='lat' dir='ltr'>comeabet</span> <span class='ocrx_word' id='word_1_141' title='bbox 1050 3576 1108 3625; x_wconf 85' lang='lat' dir='ltr'>BG.</span> 
     </span>
     <span class='ocr_line' id='line_1_23' title="bbox 260 3655 1108 3721; baseline -0.004 -14"><span class='ocrx_word' id='word_1_142' title='bbox 260 3658 294 3720; x_wconf 80' lang='lat'>(3)</span> <span class='ocrx_word' id='word_1_143' title='bbox 322 3659 431 3707; x_wconf 82' lang='lat' dir='ltr'>Scaretis</span> <span class='ocrx_word' id='word_1_144' title='bbox 458 3658 492 3707; x_wconf 87' lang='lat' dir='ltr'>G.</span> <span class='ocrx_word' id='word_1_145' title='bbox 521 3667 585 3719; x_wconf 81' lang='lat' dir='ltr'>part.</span> <span class='ocrx_word' id='word_1_146' title='bbox 615 3657 631 3706; x_wconf 84' lang='lat' dir='ltr'>s.</span> <span class='ocrx_word' id='word_1_147' title='bbox 659 3658 692 3707; x_wconf 90' lang='lat' dir='ltr'>G.</span> <span class='ocrx_word' id='word_1_148' title='bbox 742 3659 776 3721; x_wconf 83' lang='lat'>(7)</span> <span class='ocrx_word' id='word_1_149' title='bbox 804 3671 870 3707; x_wconf 87' lang='lat' dir='ltr'>cum.</span> <span class='ocrx_word' id='word_1_150' title='bbox 890 3655 1049 3705; x_wconf 85' lang='lat' dir='ltr'>dedecorem</span> <span class='ocrx_word' id='word_1_151' title='bbox 1075 3657 1108 3705; x_wconf 87' lang='lat' dir='ltr'>G.</span> 
     </span>
     <span class='ocr_line' id='line_1_24' title="bbox 260 3736 1110 3801; baseline -0.005 -15"><span class='ocrx_word' id='word_1_152' title='bbox 260 3739 294 3801; x_wconf 84' lang='lat'>(9)</span> <span class='ocrx_word' id='word_1_153' title='bbox 311 3737 425 3786; x_wconf 86' lang='lat' dir='ltr'>disceret</span> <span class='ocrx_word' id='word_1_154' title='bbox 442 3752 488 3786; x_wconf 89' lang='lat' dir='ltr'>om.</span> <span class='ocrx_word' id='word_1_155' title='bbox 508 3739 541 3786; x_wconf 88' lang='lat' dir='ltr'>G.</span> <span class='ocrx_word' id='word_1_156' title='bbox 577 3738 630 3800; x_wconf 89' lang='lat' dir='ltr'>ubi]</span> <span class='ocrx_word' id='word_1_157' title='bbox 643 3745 668 3785; x_wconf 94' lang='lat' dir='ltr'>et</span> <span class='ocrx_word' id='word_1_158' title='bbox 681 3738 714 3786; x_wconf 88' lang='lat' dir='ltr'>G.</span> <span class='ocrx_word' id='word_1_159' title='bbox 749 3750 853 3799; x_wconf 88' lang='lat' dir='ltr'>semper</span> <span class='ocrx_word' id='word_1_160' title='bbox 869 3750 914 3784; x_wconf 88' lang='lat' dir='ltr'>om.</span> <span class='ocrx_word' id='word_1_161' title='bbox 934 3738 967 3785; x_wconf 89' lang='lat' dir='ltr'>G.</span> <span class='ocrx_word' id='word_1_162' title='bbox 1002 3736 1051 3800; x_wconf 90' lang='lat' dir='ltr'>(ro.</span> <span class='ocrx_word' id='word_1_163' title='bbox 1072 3737 1110 3799; x_wconf 83' lang='lat' dir='ltr'>rr)</span> 
     </span>
     <span class='ocr_line' id='line_1_25' title="bbox 260 3815 1111 3880; baseline -0.002 -15"><span class='ocrx_word' id='word_1_164' title='bbox 260 3817 393 3877; x_wconf 84' lang='lat' dir='ltr'>loquendo</span> <span class='ocrx_word' id='word_1_165' title='bbox 410 3816 522 3880; x_wconf 78' lang='lat' dir='ltr'>tegendo</span> <span class='ocrx_word' id='word_1_166' title='bbox 539 3817 572 3866; x_wconf 88' lang='lat' dir='ltr'>G.</span> <span class='ocrx_word' id='word_1_167' title='bbox 608 3816 657 3880; x_wconf 71' lang='grc' dir='ltr'><strong>(ιι)</strong></span> <span class='ocrx_word' id='word_1_168' title='bbox 680 3817 746 3865; x_wconf 84' lang='lat' dir='ltr'>trivit</span> <span class='ocrx_word' id='word_1_169' title='bbox 767 3831 814 3865; x_wconf 89' lang='lat' dir='ltr'>om.</span> <span class='ocrx_word' id='word_1_170' title='bbox 834 3818 859 3865; x_wconf 92' lang='lat' dir='ltr'>G</span> <span class='ocrx_word' id='word_1_171' title='bbox 883 3815 907 3864; x_wconf 84' lang='lat' dir='ltr'>rit</span> <span class='ocrx_word' id='word_1_172' title='bbox 924 3815 1019 3866; x_wconf 66' lang='lat' dir='ltr'>houna.</span> <span class='ocrx_word' id='word_1_173' title='bbox 1060 3815 1111 3880; x_wconf 67' lang='grc' dir='ltr'>(η)</span> 
     </span>
     <span class='ocr_line' id='line_1_26' title="bbox 261 3896 1110 3960; baseline -0.002 -16"><span class='ocrx_word' id='word_1_174' title='bbox 261 3898 320 3945; x_wconf 89' lang='lat' dir='ltr'>ocio</span> <span class='ocrx_word' id='word_1_175' title='bbox 337 3897 368 3945; x_wconf 86' lang='grc' dir='ltr'>Β.</span> <span class='ocrx_word' id='word_1_176' title='bbox 404 3898 521 3946; x_wconf 76' lang='grc' dir='ltr'>Ιίοιεηιο</span> <span class='ocrx_word' id='word_1_177' title='bbox 538 3898 571 3945; x_wconf 88' lang='lat' dir='ltr'>G.</span> <span class='ocrx_word' id='word_1_178' title='bbox 613 3896 663 3960; x_wconf 73' lang='grc' dir='ltr'><strong>(ις)</strong></span> <span class='ocrx_word' id='word_1_179' title='bbox 682 3910 767 3946; x_wconf 89' lang='lat' dir='ltr'>rerum</span> <span class='ocrx_word' id='word_1_180' title='bbox 784 3897 870 3945; x_wconf 80' lang='lat' dir='ltr'>infirm.</span> <span class='ocrx_word' id='word_1_181' title='bbox 891 3896 924 3945; x_wconf 85' lang='lat' dir='ltr'>G.</span> <span class='ocrx_word' id='word_1_182' title='bbox 944 3896 1110 3943; x_wconf 79' lang='lat' dir='ltr'>intirmitetem</span> 
     </span>
     <span class='ocr_line' id='line_1_27' title="bbox 261 3976 922 4040; baseline 0 -16"><span class='ocrx_word' id='word_1_183' title='bbox 261 3977 328 4024; x_wconf 79' lang='lat' dir='ltr'>codd.</span> <span class='ocrx_word' id='word_1_184' title='bbox 364 3978 561 4040; x_wconf 66' lang='lat' dir='ltr'>(roiterrusG.</span> <span class='ocrx_word' id='word_1_185' title='bbox 597 3977 646 4039; x_wconf 69' lang='grc' dir='ltr'><strong>(ιγ)</strong></span> <span class='ocrx_word' id='word_1_186' title='bbox 663 3977 777 4038; x_wconf 90' lang='lat' dir='ltr'>denique</span> <span class='ocrx_word' id='word_1_187' title='bbox 794 3977 871 4025; x_wconf 90' lang='lat' dir='ltr'>deum</span> <span class='ocrx_word' id='word_1_188' title='bbox 889 3976 922 4024; x_wconf 82' lang='lat' dir='ltr'>G.</span> 
     </span>
    </p>
   </div>
   <div class='ocr_carea' id='block_1_4' title="bbox 0 0 1430 5116">
    <p class='ocr_par' dir='ltr' id='par_1_4' title="bbox 0 0 1430 5116">
     <span class='ocr_line' id='line_1_28' title="bbox 0 0 1430 5116; baseline 0 0"><span class='ocrx_word' id='word_1_189' title='bbox 0 0 1430 5116; x_wconf 95' lang='lat' dir='ltr'> </span> 
     </span>
    </p>
   </div>
  </div>
 </body>
</html>
