2820 4680
834 525 894 602 ²4⁰

438 696 521 770 illud
549 714 661 770 tamen
680 695 1028 783 animadvertendum,
1047 720 1162 793 neque
1180 697 1290 770 homi-

438 837 500 886 nes
526 836 640 910 neque
665 814 807 910 angelos
833 811 1105 909 redemptionem
1137 813 1290 910 potuisse

439 928 579 1015 mereri;
620 929 688 1002 hoc
722 927 848 1000 etenim
884 951 1004 1000 munus
1039 927 1160 1000 nullius
1194 952 1290 1024 purae

438 1061 605 1118 creaturae
632 1043 754 1117 merito
779 1060 948 1118 censetur.
969 1045 1088 1139 ltaque
1105 1043 1167 1116 soli
1187 1044 1290 1116 Chri-

412 1177 492 1244 ssto
519 1158 713 1234 immediate
739 1159 901 1232 convenit
925 1182 1002 1232 esse
1021 1157 1289 1255 redemptorem,

438 1275 535 1349 cuius
577 1275 713 1373 sanguis
756 1273 1002 1372 redemptionis
1045 1274 1189 1372 pretium
1224 1292 1289 1364 est,

438 1391 592 1489 quamvis
618 1392 692 1488 ipsa
717 1390 911 1487 redemptio
933 1390 1041 1487 possit
1058 1390 1207 1464 adscribi
1227 1391 1289 1463 toti

439 1505 574 1580 trinitati
585 1505 684 1579 sicuti
694 1505 813 1603 primae
823 1530 1016 1580 caussae.-
1027 1507 1122 1606 Quae
1139 1505 1226 1579 dicis
1243 1505 1290 1579 de

438 1621 579 1695 muliere
605 1621 790 1719 praecipuis
816 1621 1020 1718 quibusdam
1048 1637 1175 1718 praeter
1191 1645 1290 1695 com-

396 1769 425 1806 ro
439 1761 558 1812 munes
583 1762 662 1811 cum
689 1737 762 1810 viro
792 1738 907 1835 poenis
937 1737 1103 1826 subiecta,
1135 1737 1190 1811 illa
1216 1738 1290 1834 ipsa

438 1852 639 1926 sententiam
668 1875 778 1925 meam
801 1852 971 1946 adiuuant,
990 1852 1081 1950 quia,
1101 1870 1136 1926 ut
1153 1852 1234 1938 dixi,
1254 1870 1290 1926 ut

438 1992 542 2041 omne
572 1970 699 2042 bonum
729 1986 782 2042 est
811 1968 861 2042 sui
893 1968 997 2066 ipsius
1026 1967 1227 2058 diffusivum,
1254 1986 1291 2042 et

438 2100 569 2181 quanto
601 2083 707 2157 maius
724 2100 821 2157 tanto
839 2083 945 2181 magis
962 2107 1000 2156 se
1018 2083 1288 2172 communicans,

439 2199 485 2273 ita
509 2216 545 2272 et
571 2202 706 2289 malum,
729 2216 859 2297 quanto
889 2199 996 2272 maius
1013 2215 1109 2273 tanto
1127 2199 1233 2297 magis
1251 2223 1289 2272 se

396 2350 421 2401 ις
438 2315 682 2404 communicat,
708 2331 744 2388 et
770 2332 900 2413 quanto
919 2314 1025 2413 magis
1042 2339 1080 2389 se
1097 2316 1289 2388 communi·

438 2446 495 2504 cat
523 2446 620 2503 tanto
638 2429 745 2528 magis
763 2448 879 2520 nocet,
898 2446 1028 2527 quanto
1046 2430 1153 2528 magis
1183 2447 1289 2503 nocet

438 2560 534 2618 tanto
560 2544 667 2618 maius
684 2562 746 2619 est.
775 2548 858 2619 Item
888 2544 1077 2619 secundum
1097 2568 1288 2620 mensuram

437 2659 554 2734 delicti
580 2659 645 2733 erit
661 2678 697 2734 et
715 2663 888 2758 plagarum
908 2660 1040 2734 modus.
1063 2659 1168 2734 Unde
1186 2661 1289 2733 Chri-

437 2791 508 2849 stus
541 2798 681 2849 crucem
715 2775 828 2865 subiit,
863 2775 1110 2849 atrocissimum
1138 2775 1289 2872 turpissi-

395 2915 601 2988 mmumque
632 2892 748 2965 mortis
777 2915 886 2989 genus
915 2890 1055 2965 dicente
1086 2891 1217 2965 Isidoro
1242 2891 1288 2965 de

438 3006 604 3081 trinitate:
648 3005 836 3105 Unigenitus
865 3005 921 3080 dei
946 3005 1033 3101 filius
1062 3005 1109 3079 ad
1127 3019 1288 3105 peragen-

437 3120 514 3195 dum
547 3122 655 3196 mortis
683 3147 754 3196 suoe
786 3130 1020 3196 sacramentum
1049 3145 1289 3196 consummasse

437 3262 473 3310 se
497 3262 592 3311 omne
612 3262 714 3336 genus
734 3237 901 3337 passionis
926 3246 1067 3330 testam,
1097 3262 1168 3310 cum
1198 3237 1287 3310 incli-

485 3501 535 3564 (16)
552 3509 628 3551 nocet
645 3509 671 3551 et
688 3510 784 3564 quanto
799 3514 819 3552 r.
880 3540 889 3564 s
