2820 4680
695 568 754 632 454

298 720 389 796 mine
406 747 529 819 gravor
546 722 579 795 in
596 723 689 797 omni
707 723 786 814 vita,
804 724 832 799 si
850 741 963 798 tamen
990 726 1060 799 hoc
1086 724 1154 799 cri-

298 860 376 909 men
393 836 634 936 appellandum
654 854 763 935 putas,
782 864 884 938 quam
898 839 964 913 isto
978 864 1067 928 uno;
1083 842 1154 913 hoc

297 967 351 1025 cst
368 951 458 1026 haud
480 951 585 1026 dubie
604 951 699 1050 quod
727 953 808 1026 mihi
836 953 1014 1052 plurimum
1042 956 1154 1028 mole-

297 1067 372 1140 stiae
389 1067 497 1158 affert,
507 1066 602 1167 quod
617 1092 673 1141 me
686 1067 786 1142 valde
799 1069 970 1158 sollicitat,
985 1068 1082 1169 quod
1097 1094 1154 1143 me

271 1208 280 1259 t
297 1207 435 1281 semper
451 1183 580 1280 affligit,
599 1182 695 1283 quod
705 1208 760 1257 me
775 1183 897 1282 iugiter
905 1184 1038 1259 cruciat
1045 1202 1153 1284 atque

298 1296 453 1395 urgendo
482 1296 631 1371 lunditus
651 1297 823 1396 opprimit.
856 1300 931 1397 Ego
958 1300 1153 1397 evestigio

298 1413 354 1486 ubi
374 1413 523 1488 intellexi
541 1415 585 1487 ab
602 1413 713 1488 amica
723 1439 800 1488 mea
814 1430 849 1487 te
862 1413 920 1488 diu
935 1432 1101 1489 tractasse
1115 1415 1150 1488 id

298 1530 420 1603 malum
453 1529 611 1627 punicum
640 1530 816 1627 pulchrum
835 1528 919 1602 visui
945 1547 1050 1628 atque
1073 1554 1152 1603 cor-

190 1710 197 1723 .
298 1646 367 1720 tice
397 1644 621 1719 rubicundum
656 1645 721 1720 tuis
756 1644 887 1743 palmis,
917 1669 964 1718 eo
992 1670 1056 1743 per
1085 1646 1152 1718 vim

256 1787 284 1822 ιο
298 1759 558 1859 quodammodo
578 1761 623 1835 ab
639 1786 683 1835 ea
699 1762 847 1859 abrepto
865 1785 974 1860 usque
1001 1760 1033 1834 in
1060 1761 1152 1834 hunc

297 1876 389 1950 diem
408 1902 509 1974 quam
528 1875 718 1975 saepissime
736 1875 947 1968 olfaciendo,
965 1875 1153 1951 suaviando

297 2010 355 2066 aut
363 2008 509 2090 pectore
519 2016 599 2065 meo
609 1991 677 2066 lovi
692 2009 749 2066 aut
763 2016 862 2067 manu
874 2015 952 2065 mea
959 1989 1152 2089 operand0,

297 2106 515 2195 excubando,
545 2105 751 2181 dormiendo
781 2105 1024 2205 vigilandoque
1067 2132 1152 2180 nun-

297 2247 400 2321 quam
427 2221 537 2320 posui.
569 2225 702 2296 Interea
723 2221 885 2321 quoniam
907 2221 1153 2320 exprobrando

257 2362 282 2415 ¹5
300 2337 411 2435 inquis
428 2363 483 2412 me
502 2337 644 2435 primum
663 2355 697 2412 te
715 2336 759 2412 ad
780 2336 962 2412 amandum
988 2335 1074 2409 meis
1100 2335 1154 2408 lit-

300 2452 380 2526 teris
393 2452 549 2551 meisque
562 2451 674 2526 verbis
688 2451 873 2551 impulisse,
884 2477 974 2527 nunc
987 2450 1022 2525 id
1036 2475 1153 2550 neque

299 2568 467 2643 affirmare
485 2592 600 2666 neque
617 2567 775 2641 refellam
792 2566 826 2640 in
842 2567 958 2642 animo
975 2583 1038 2640 est.
1060 2568 1151 2639 Nam

299 2709 437 2758 omnem
472 2685 561 2757 hanc
598 2683 865 2781 disputationem
900 2681 933 2755 in
966 2681 1151 2757 adventum

300 2817 392 2874 tuum
411 2798 552 2888 dillero;
583 2797 646 2873 sed
660 2798 831 2896 prolecto,
846 2797 927 2872 dum
940 2795 1083 2873 arrectis
1091 2821 1153 2872 au-

257 2944 287 2979 ιο
300 2915 392 2988 ribus
424 2915 502 2988 haec
527 2913 642 3004 audio,
668 2939 787 3013 parum
813 2915 892 2988 laeta
917 2913 1042 3004 fronte,
1068 2912 1152 3011 quin

301 3031 415 3129 potius
431 3030 556 3104 rubore
587 3029 746 3120 maximo,
772 3027 981 3104 verecundia
1004 3027 1154 3103 deiectis

301 3147 334 3218 in
352 3163 475 3220 terram
492 3145 603 3221 oculis
619 3171 661 3222 ac
677 3145 830 3220 demisso
852 3146 944 3219 vultu
970 3142 1101 3219 afflicta
1118 3159 1154 3218 et

347 3364 381 3428 (ι)
407 3363 478 3426 quod
504 3364 554 3414 isto
577 3362 609 3413 C.
642 3362 677 3426 (8)
701 3365 818 3426 pulcrum
840 3362 870 3412 G
903 3361 986 3411 visu?
1018 3360 1070 3425 (υ)
1098 3361 1154 3422 aut}

300 3450 344 3493 aut
360 3445 415 3493 sinu
439 3445 463 3492 ct
484 3442 509 3492 t'n
524 3456 618 3508 nram:
643 3457 701 3492 num
718 3443 767 3492 sub
784 3443 814 3493 G
848 3440 898 3506 (14)
913 3440 1085 3502 exprobando
1101 3442 1152 3492 CS.

301 3523 351 3585 (ιι)
368 3523 472 3571 dimisso
489 3523 538 3571 CS.
573 3524 643 3570 vulto
660 3522 691 3572 C.
