2820 4680
845 580 903 642 268

448 753 608 850 paverim,
651 775 729 825 cum
773 754 897 824 multos
939 751 1040 826 etiam
1079 751 1299 826 doctissimos

447 891 517 941 non
543 869 652 940 solum
678 866 790 940 aetatis
817 883 954 955 nostrae,
972 865 1035 940 sed
1063 866 1185 963 prioris
1212 867 1300 941 illius

447 982 709 1057 clarissimorum
744 983 891 1055 virorum
922 981 1040 1056 laudes
1070 981 1224 1056 dicturos
1259 982 1300 1055 ti·

448 1097 572 1172 muisse
589 1115 626 1171 et
642 1096 851 1171 verecundia
868 1098 1086 1194 perturbatos
1100 1098 1299 1195 intelligant,

423 1213 669 1312 tinprimisque
698 1214 973 1287 Demosthenem
1001 1213 1091 1286 illum
1116 1229 1209 1288 tanta
1225 1216 1300 1288 elo·

448 1330 588 1426 quentia
605 1328 909 1427 praeditum,quem
925 1328 1015 1425 apud
1033 1329 1227 1427 Philippum
1247 1353 1300 1403 re

447 1468 526 1542 gem
553 1462 724 1519 oraturum
751 1443 959 1518 verecundia
980 1444 1052 1518 sere
1070 1445 1299 1519 exanimatum

449 1561 600 1658 legimus.
636 1559 747 1659 Quod
774 1558 889 1633 itidem
917 1561 1163 1658 Theophrasto
1189 1560 1301 1658 philo-

447 1677 562 1773 sopho
587 1692 623 1749 et
640 1675 807 1748 Ciceroni
823 1674 1034 1771 eloquentiae
1052 1675 1197 1773 principi
1215 1699 1301 1749 con-

408 1822 436 1857 ιο
449 1791 564 1889 tigisse
590 1790 740 1886 antiquae
770 1806 935 1864 testantur
962 1790 1122 1865 historiae.
1160 1791 1301 1891 Quibus

448 1906 613 1981 assentiar
642 1929 787 1978 necesse
813 1921 877 1988 est,
904 1930 958 1978 me
984 1905 1119 1979 scilicet
1142 1906 1301 2004 gravissi-

450 2046 539 2094 mum
566 2045 653 2094 onus
678 2037 714 2092 et
740 2019 874 2116 penitus
901 2043 993 2093 ame
1010 2020 1158 2095 alienum
1180 2044 1300 2094 susce-

450 2135 550 2233 pisse.
579 2137 712 2209 Tamen
738 2135 839 2208 animi
866 2159 944 2207 cum
971 2152 1062 2209 tuam
1089 2134 1177 2209 illam
1195 2135 1302 2210 audio

448 2251 677 2338 clementiam,
704 2249 960 2346 benignitatem,
987 2251 1241 2341 humanitatem,
1261 2251 1303 2324 ti·

409 2398 433 2439 n
450 2390 546 2439 more
564 2366 720 2461 collapsa
737 2364 904 2439 revivisco
921 2382 957 2438 et
971 2365 1058 2438 vires
1071 2366 1187 2441 animo
1197 2366 1302 2463 trepi-

450 2480 542 2555 danti
560 2480 790 2568 subministro,
809 2479 890 2553 illud
910 2481 961 2551 Μ.
982 2481 1135 2555 Geminii
1153 2482 1300 2556 oratoris

416 2644 421 2663 .
450 2620 585 2670 mecum
603 2596 718 2670 animo
736 2597 925 2684 revolvens,
936 2597 993 2693 qui
1012 2621 1091 2670 cum
1110 2597 1202 2695 apud
1217 2599 1302 2672 Coe.

450 2737 559 2787 sarem
578 2711 730 2785 dicturus
748 2713 895 2784 veniret:
913 2713 985 2812 Qui
1004 2713 1095 2810 apud
1115 2731 1160 2801 te,
1180 2714 1301 2810 inquit,

451 2826 712 2915 Caesar,dicere
730 2825 845 2911 audet,
856 2826 1122 2923 magnitudinem
1135 2846 1225 2902 tuam
1241 2854 1303 2902 ne-

408 2977 439 3012 20
451 2943 526 3032 scit,
553 2942 611 3039 qui
629 2966 713 3015 vero
730 2966 798 3015 non
816 2940 932 3031 audet,
951 2943 1204 3017 humanitatem.
1224 2945 1304 3018 Tua

452 3059 551 3156 igitur
584 3060 650 3130 hac
688 3044 907 3146 humanitate,
942 3059 1137 3148 clementia,
1172 3059 1302 3157 pietate

451 3174 610 3272 singulari
630 3172 814 3247 adductam
828 3173 1027 3271 gaudioque
1040 3189 1199 3248 coactam
1211 3175 1302 3249 iuvat

499 3393 534 3457 (8)
559 3392 659 3457 leglbus
682 3392 712 3442 t:
747 3393 779 3456 (9.
801 3392 838 3456 ιο)
864 3393 1018 3461 contingisse
1042 3393 1072 3442 c
1115 3392 1301 3458 (10)hyst.c.

453 3472 502 3536 (ιι)
520 3475 602 3522 honus
619 3471 648 3522 C.
683 3472 733 3537 (13)
749 3486 866 3522 eumont.
886 3473 916 3522 C
950 3472 999 3535 (14)
1016 3475 1090 3521 clem.
1104 3481 1130 3521 et
1147 3472 1248 3536 benign.
1273 3474 1300 3522 a

454 3553 503 3616 (ιι)
521 3554 585 3600 vivat
604 3552 633 3601 C.
