2820 4680
814 531 926 614 100·

411 721 501 795 muni
528 720 618 796 laudi
636 746 769 812 eorum,
795 722 854 820 qui
873 724 943 798 hoc
960 739 1119 821 tempore
1136 722 1262 812 vivunt,

410 838 582 912 consules.
600 838 698 912 Vale.

460 954 671 1052 Capellanus
685 969 801 1027 noster
818 954 954 1043 veritus,
974 979 1017 1028 ne
1035 979 1090 1028 me
1108 954 1262 1043 ltederet,

411 1069 469 1166 qui
496 1094 614 1143 manus
640 1093 734 1143 meas
759 1070 804 1143 ab
820 1069 913 1143 omni
932 1094 1072 1144 munere
1090 1069 1263 1144 abstinere

383 1216 393 1270 t
411 1183 586 1274 consuevi,
616 1208 661 1259 ex
691 1182 889 1282 perdicibus
907 1185 997 1259 tuis.
1019 1242 1026 1257 .
1047 1242 1055 1258 .
1076 1242 1083 1257 .
1107 1186 1263 1259 solemne

410 1298 603 1374 convivium
630 1299 724 1389 lecit,
751 1299 848 1397 quod
874 1323 953 1374 cum
972 1325 1017 1374 ex
1035 1300 1112 1398 ipso
1130 1300 1262 1374 intelle-

409 1415 527 1506 xerim,
537 1414 569 1489 ei
583 1415 821 1514 poenitentiam
840 1414 955 1505 indixi,
971 1432 1007 1488 ut
1023 1440 1087 1513 pro
1106 1415 1175 1489 lide
1194 1441 1261 1490 non

408 1547 543 1606 servata
567 1531 712 1606 totidem
738 1529 782 1605 ad
809 1547 844 1605 te
869 1531 1069 1630 carpionum
1089 1531 1183 1630 paria
1200 1531 1262 1606 de-

410 1646 505 1721 lerat.
535 1646 715 1720 Pollicitus
740 1663 811 1737 est;
839 1645 922 1744 quid
949 1646 1102 1737 credam,
1131 1646 1259 1720 nescio.

367 1797 396 1835 ιο
458 1763 669 1860 Capellanus
691 1778 818 1852 noster,
836 1760 895 1859 qui
921 1760 978 1860 pie
1000 1761 1161 1860 perdices
1179 1786 1261 1858 pau-

409 1877 548 1976 peribus
562 1876 782 1976 dispensavit,
799 1876 844 1952 ad
863 1894 898 1951 te
916 1876 1068 1951 iocunde
1085 1894 1122 1952 et
1138 1877 1261 1951 libera-

409 1991 485 2066 liter
506 1992 689 2092 cnrpiones
706 1992 830 2066 desert.
853 1992 1098 2067 Paenitentiam
1118 1992 1261 2091 roganti,

408 2107 629 2183 satisfacienti
655 2109 847 2182 clementer
869 2107 1012 2205 ignosce
1029 2124 1134 2207 atque
1153 2108 1261 2206 ipsum

410 2223 536 2298 nedum
578 2223 678 2298 venia
710 2223 773 2298 sed
811 2247 929 2297 amore
963 2222 1102 2321 dignum
1137 2222 1261 2313 iudica,

368 2371 393 2424 ις
408 2364 575 2414 summum
606 2364 717 2413 rerum
760 2355 952 2414 creatorem
992 2338 1168 2429 imitand0,
1204 2341 1261 2437 qui

410 2453 510 2529 loelis
536 2456 718 2554 prophetae
743 2478 834 2528 voce
860 2455 1004 2528 clamat:
1038 2454 1260 2529 Revertimini

408 2569 454 2646 ad
479 2570 654 2645 dominum
676 2571 780 2645 deum
799 2587 962 2662 nostrum,
981 2572 1142 2670 quoniam
1162 2572 1261 2647 mise·

409 2686 529 2779 ricors,
548 2686 635 2786 pius,
655 2686 790 2786 patiens
820 2703 856 2761 et
882 2688 999 2760 multae
1026 2686 1259 2763 miserationis.

408 2805 505 2880 Vale.

457 3023 492 3088 (4)
515 3024 628 3074 astinere
651 3024 681 3075 t:
724 3022 759 3088 (8)
781 3023 928 3086 turpiorum
954 3022 984 3073 t:
1019 3020 1052 3084 (θ.
1071 3023 1095 3085 9)
1119 3021 1205 3073 differt
1230 3024 1260 3073 (ἰ

409 3103 460 3168 (ιι)
477 3103 589 3154 loconde
606 3104 636 3155 c
671 3102 720 3167 (υ)
733 3104 862 3154 Ροηίιοπιί
874 3105 971 3168 regenti
984 3104 1014 3155 G
1048 3101 1099 3167 (14)
1116 3102 1218 3152 indicna
1230 3103 1260 3153 C.

409 3182 460 3247 (ις)
477 3183 634 3234 Ιιωίιιιηάο
650 3184 681 3235 G
