2814 5116
156 1191 216 1275 pto
241 1175 379 1274 ingenita
404 1175 568 1249 nobilitate
592 1204 615 1249 a
640 1176 729 1250 nullo
754 1186 877 1275 cogitur
903 1202 1013 1252 neces-

156 1292 261 1382 sitate,
284 1317 398 1389 neque
425 1316 445 1365 a
471 1292 553 1380 deo,
572 1293 652 1389 quia
678 1294 705 1365 si
731 1293 794 1383 sic,
820 1311 912 1368 esset
930 1294 1013 1368 dare

157 1409 228 1482 duo
254 1408 415 1505 opposita
443 1424 533 1481 sture
551 1408 658 1481 simui.
680 1410 762 1481 Non
782 1425 897 1505 potest
915 1409 1014 1508 igitur

157 1524 242 1596 deus
269 1523 386 1596 facere
413 1522 508 1618 quod
535 1522 649 1619 aliqua
671 1523 830 1620 operatio
856 1547 876 1596 a
903 1524 1012 1597 libero

157 1637 326 1735 procedat
339 1637 480 1710 arbitrio
494 1637 571 1735 ipso
585 1655 756 1727 manente,
771 1654 806 1711 et
822 1663 889 1711 non
903 1639 1012 1713 iibere
1044 1668 1055 1720 t

156 1754 219 1828 sed
246 1771 372 1827 coacte
399 1754 466 1827 fiat.
496 1753 702 1851 Augustinus
728 1777 833 1850 super
857 1754 1009 1828 Genesi:

157 1874 236 1944 Non
260 1880 368 1969 potest
383 1870 463 1944 deus
471 1868 593 1971 facere
609 1880 720 1945 contra
741 1880 889 1944 naturam
913 1897 1012 1971 quam

156 1988 244 2060 bona
270 1986 430 2060 uoluntate
456 1986 592 2060 instituit.
637 1988 762 2060 Posset
788 2005 902 2061 autem
925 1988 1011 2063 deus

156 2104 230 2201 ipse
255 2102 390 2176 auferre
416 2103 504 2176 illam
529 2103 693 2177 libertatis
711 2103 946 2178 conditionem
965 2104 1031 2179 ad·

157 2218 351 2292 utrumlibet
363 2236 398 2292 et
406 2219 490 2293 dure
500 2220 611 2301 aliam.
621 2219 709 2293 sicut
719 2244 787 2292 non
798 2235 914 2317 potest
924 2219 1010 2316 ignis
1025 2245 1055 2282 ¹⁰

157 2334 241 2433 ignis
260 2358 401 2408 manens
420 2360 487 2408 non
506 2336 712 2408 comburere
732 2335 793 2409 uisi
808 2335 1010 2410 talisnaturu

157 2466 304 2523 mutetur
329 2467 364 2522 et
390 2449 434 2524 ad
465 2469 600 2547 tempus
629 2451 857 2548 suspendatur
885 2450 1009 2525 virtute

157 2565 280 2638 divina.
310 2567 401 2663 Ergo
428 2565 536 2638 minus
562 2566 628 2638 alia
653 2583 810 2639 creatura
835 2566 954 2656 adeo,
974 2585 1010 2640 ut

156 2682 297 2779 angelus
315 2682 426 2754 bonus
443 2683 497 2753 vel
514 2680 690 2768 diabolus;
711 2684 818 2755 multo
836 2683 944 2757 minus
958 2682 1008 2757 ie-

157 2796 256 2887 mina,
267 2821 348 2893 quoe
367 2796 602 2894 imperfectior
619 2814 655 2870 et
672 2797 819 2871 debilior
836 2816 888 2872 est
906 2800 954 2872 iis.
967 2801 1009 2872 Et
1025 2819 1050 2870 ¹5

156 2912 304 3010 assignat
329 2911 535 3009 Augustinus
562 2912 727 2986 rationem
746 2913 884 2988 dicens:
903 2916 1008 3013 Supra

204 3257 238 3319 (1)
250 3260 403 3308 necessitate
411 3260 512 3323 cogitur
523 3262 549 3308 L.
584 3259 686 3322 (2)quin
702 3261 739 3310 sic
755 3269 824 3310 esset
837 3260 928 3324 Μή.
942 3261 1007 3310 recte.

158 3339 191 3401 (⁴)
201 3341 220 3387 Α
229 3352 283 3388 voce
298 3341 422 3402 operucio
431 3339 680 3404 demmincr'pitcodcx
693 3340 835 3391 Veronensis.
870 3342 903 3404 (⁴-
915 3340 937 3403 ς)
948 3355 1008 3404 pro-

157 3419 233 3470 cedet
262 3433 277 3468 ι
308 3420 391 3468 libero
414 3420 521 3471 arbitrio
544 3422 571 3469 L.
622 3421 656 3484 (ς)
681 3421 764 3471 libero
792 3423 819 3469 V.
854 3419 888 3483 (ὁ)
910 3429 950 3471 set
979 3423 1006 3470 V.

156 3501 264 3550 cohaere
281 3501 309 3559 t,
327 3508 439 3562 quoncte
456 3503 482 3549 V.
518 3501 679 3551 Genesiml„
713 3499 748 3563 (7)
765 3503 853 3562 qual..
888 3500 1008 3564 (8)Bene

157 3588 238 3629 tumen
257 3588 347 3642 posset
364 3582 438 3629 Deus
448 3582 475 3629 1..
510 3581 544 3642 (9)
556 3581 667 3630 sufferre
680 3581 709 3631 C.
737 3581 909 3630 conditionem
922 3581 964 3630 tib.
977 3582 1005 3630 1..

156 3659 307 3710 condictc.
342 3660 579 3722 (rmutrunttberc.
599 3661 818 3720 truncationum
828 3662 855 3709 L.
890 3659 1007 3725 (unite-

155 3753 208 3788 sunt
224 3739 288 3803 ignis
304 3752 332 3788 cx
349 3741 373 3788 Ε
384 3738 474 3788 addidi.
493 3752 645 3801 permanens
667 3743 693 3789 V.
734 3739 784 3802 (ιι)
807 3754 877 3803 susp.
895 3741 928 3791 ud
944 3748 1007 3790 tenr-

156 3833 205 3882 pus
221 3821 248 3868 L.
291 3818 341 3883 (1))
367 3819 391 3868 id
408 3828 495 3882 potest
511 3819 568 3868 add.
588 3822 611 3868 E
626 3823 681 3870 unte
696 3821 751 3869 sliu.
794 3820 844 3884 (η)
859 3821 911 3883 vel]
931 3828 958 3870 et
973 3821 1004 3870 V.

155 3899 284 3959 diabotus}
294 3901 372 3947 matus
384 3899 448 3947 etl..
473 3898 523 3962 (15)
535 3899 594 3961 imp.
608 3910 647 3949 est
659 3909 685 3949 et
698 3901 735 3950 nis
746 3899 858 3950 debilior
867 3901 896 3949 t..
919 3900 965 3950 hiis
977 3902 1004 3950 V.

156 3980 206 4040 (ιὺ)
223 3992 304 4041 super
320 3978 350 4027 C.
