2820 4680
703 553 759 616 nt

296 746 368 794 rum
396 720 624 820 incorruptam
660 748 784 796 vocem
815 724 906 797 bene
933 722 1153 796 iudicantium

296 836 342 912 de
375 840 570 913 excellente
600 839 723 915 virtute
752 838 849 930 dixit,
872 838 1031 914 omnibus
1067 864 1155 937 prae·

296 952 417 1044 coniis,
451 955 609 1030 omnibus
644 954 804 1053 insigniis,
840 954 997 1029 omnibus
1039 954 1154 1027 trium·

298 1068 392 1165 pbis,
443 1069 603 1145 omnibus
649 1070 905 1169 pontificatibus
943 1068 1012 1143 suis
1057 1086 1154 1143 ante-

271 1202 404 1282 tponet
438 1203 474 1260 et
508 1203 542 1261 te
575 1186 867 1285 clarissimamque
903 1188 1153 1284 Nogarolarum

297 1299 456 1374 familiam
474 1301 574 1377 sicuti
593 1303 683 1401 petis
701 1319 737 1377 et
754 1327 854 1401 rogas
880 1301 1003 1376 dextra
1020 1318 1056 1375 et
1072 1301 1153 1376 sini·

295 1430 365 1489 stra
381 1418 609 1514 amplectetur
630 1442 672 1492 ac
698 1416 886 1491 firmissime
914 1416 1055 1491 tenebit.
1077 1418 1152 1514 Ego

296 1555 380 1605 vero
410 1534 521 1607 nullus
554 1550 647 1608 tuum
682 1559 849 1608 summum
876 1532 1015 1608 dicendi
1042 1558 1152 1631 genus

296 1645 457 1738 admiror,
472 1648 554 1746 quia
565 1646 611 1723 eo
626 1673 704 1724 mea
719 1648 766 1723 de
784 1648 943 1723 doctrina
959 1666 996 1722 et
1014 1648 1152 1746 ingenio

255 1799 284 1834 ιο
297 1778 358 1836 tuo
375 1763 485 1837 crevit
505 1764 635 1862 opinio,
664 1781 699 1838 ut
729 1764 809 1837 nihil
833 1789 980 1861 unquam
999 1762 1152 1851 viderim,

297 1877 496 1968 audiverim,
511 1879 664 1977 legerim,
679 1878 775 1977 quod
792 1904 814 1953 a
831 1897 865 1954 te
882 1879 1034 1977 superari
1049 1903 1154 1977 posse

298 2018 367 2068 non
384 1992 535 2068 credam.
557 1994 692 2069 Laudes
709 2019 793 2068 vero
809 1993 1044 2092 gloriosissimi
1066 1993 1153 2067 l·lie-

298 2109 431 2199 ronimi‚
450 2109 530 2206 quia
555 2110 859 2210 locupletissimam
885 2110 974 2183 illam
996 2126 1151 2208 segetem

298 2242 356 2300 tua
385 2226 475 2300 falce
500 2244 689 2301 resecatam
720 2227 853 2325 optime
883 2251 1025 2316 censeo,
1059 2225 1152 2323 apud

257 2376 281 2425 ις
297 2338 383 2415 alios
401 2342 563 2438 vulgatas,
581 2341 724 2439 quando
751 2342 855 2416 nostri
884 2342 948 2417 iam
971 2341 1028 2416 diu
1046 2341 1154 2415 oblita

299 2455 505 2546 memineris,
524 2456 664 2556 quando
682 2482 738 2532 me
756 2474 851 2532 tanto
866 2460 999 2532 honore
1012 2456 1151 2555 dignum

298 2568 477 2661 iudicabis,
507 2572 730 2648 libentissime
760 2575 882 2671 legam.
914 2573 948 2646 si
978 2589 1092 2646 tamen
1119 2588 1154 2646 te

299 2686 332 2760 in
378 2687 444 2762 tuis
476 2687 520 2763 ad
559 2714 622 2763 nos
658 2687 851 2764 scribendis
885 2688 1004 2762 litteris
1045 2689 1153 2779 labor,

298 2805 332 2879 in
365 2803 488 2879 nostris
529 2804 696 2903 legendis,
738 2829 825 2903 quas
862 2804 890 2878 si
928 2804 1001 2878 sine
1034 2829 1154 2900 super-

255 2920 366 2996 20biae
408 2922 542 2996 macula
582 2945 710 3020 negare
752 2946 820 2995 non
862 2922 962 2994 valeo
996 2920 1155 2994 brevissi-

299 3061 370 3111 mas
404 3053 531 3135 praeter
559 3036 844 3113 consuetudinem
878 3051 914 3110 et
942 3038 1152 3110 voluntatem

300 3176 411 3226 meam
440 3152 583 3227 efficere
615 3177 753 3248 semper
782 3152 949 3241 conabor,
981 3149 1152 3225 fastidium

298 3285 426 3365 gravm,
444 3267 544 3342 sicuti
564 3267 852 3368 frequentissimae
878 3266 1040 3342 Damiani
1068 3268 1153 3340 Bur·

347 3451 382 3514 lt)
399 3453 596 3515 Nogariolarunt
612 3454 642 3505 0
685 3454 720 3517 (8)
744 3454 839 3502 nultum
864 3451 894 3502 e
938 3452 987 3515 (14)
1015 3451 1094 3500 [atace
1121 3449 1151 3500 C.

303 3533 447 3580 resectam?
