2820 4680
851 575 904 641 ¹34

446 735 607 810 simorum
634 752 669 809 et
686 734 1041 832 eloquentissimorum
1073 732 1245 806 hominum
1265 732 1296 805 in

449 850 542 926 omni
555 875 593 925 re
605 850 822 949 amplissimae
835 848 1028 924 auctoritati
1047 847 1155 922 minus
1173 872 1297 946 repug-

448 965 596 1041 nandum
622 990 700 1040 esse
726 968 924 1055 censebam,
951 982 1076 1055 tamen,
1096 980 1132 1036 ut
1149 963 1183 1037 id
1201 962 1297 1060 quod

449 1081 562 1158 sentio
588 1081 621 1156 in
647 1083 830 1181 praesentia
855 1081 979 1169 dicam,
999 1080 1059 1154 nisi
1078 1079 1234 1178 proxime
1251 1078 1297 1153 de

422 1215 431 1266 5
448 1216 494 1290 te,
513 1201 583 1274 hoc
601 1215 654 1273 est
671 1197 716 1272 de
735 1198 883 1296 ingenio,
902 1196 1105 1286 eruditione,
1124 1195 1248 1269 eximia
1265 1195 1297 1266 in

447 1316 540 1392 omni
564 1340 694 1414 genere
732 1314 915 1388 litterarum
946 1315 1182 1411 praeclaraque
1212 1312 1298 1386 doc·

447 1432 533 1507 trina
558 1432 667 1506 libero
692 1430 796 1529 digna
812 1448 916 1528 atque
935 1448 1003 1520 tua,
1022 1447 1058 1503 ut
1074 1429 1124 1503 sic
1142 1427 1297 1517 dixerim,

447 1548 646 1645 eloquentia
669 1546 802 1646 grandi,
828 1545 977 1644 eleganti
1003 1571 1045 1621 ac
1070 1562 1213 1619 venusta
1229 1569 1297 1640 ego

448 1663 522 1762 ipse
548 1662 736 1762 periculum
763 1662 934 1750 fecissem,
960 1662 1122 1758 equidem
1145 1661 1200 1734 vix
1218 1660 1298 1733 mihi

406 1801 436 1839 10
448 1779 482 1853 id
496 1777 705 1878 persuadere
719 1778 919 1876 potuissem,
938 1803 1006 1852 non
1024 1776 1120 1875 quod
1138 1777 1210 1851 fieri
1230 1802 1297 1849 non

450 1895 569 1994 possit,
584 1920 662 1970 mea
675 1898 790 1985 lsotta,
805 1894 948 1968 soemina
961 1911 1040 1968 nata
1056 1919 1134 1967 cum
1153 1893 1210 1983 sis,
1230 1918 1298 1966 non

448 2011 610 2109 equidem
637 2010 681 2086 ad
707 2011 834 2102 ocium,
860 2010 924 2084 sed
951 2009 1133 2108 negocium
1161 2026 1195 2083 te
1226 2025 1298 2083 tan·

449 2145 518 2202 tum
537 2127 686 2226 ingenio,
705 2126 876 2214 industria,
895 2150 987 2215 cura,
1006 2128 1136 2215 labore,
1156 2124 1298 2222 diligen·

449 2244 505 2334 tia,
535 2242 661 2333 studio,
691 2242 887 2318 assiduitate
918 2241 1064 2316 maxima
1092 2241 1186 2315 circa
1221 2242 1298 2315 haec

406 2377 431 2427 ¹5
448 2358 560 2434 studia
584 2359 788 2457 optimarum
806 2358 925 2432 artium
945 2357 1097 2455 potuisse
1116 2357 1297 2454 proficere,

451 2492 621 2573 utpraeter
634 2474 773 2549 modum
788 2473 976 2572 prolecisti,
990 2497 1094 2571 quum
1110 2471 1298 2570 praesertim

450 2590 559 2665 minus
585 2615 640 2665 me
667 2590 782 2688 fugiat,
809 2589 928 2688 priscis
954 2588 1167 2687 temporibus
1197 2613 1298 2686 paene

450 2706 712 2781 innumerabiles
737 2705 784 2780 tui
810 2706 936 2780 similes
961 2707 1070 2779 claras
1090 2722 1126 2778 et
1156 2704 1300 2777 illustres

450 2822 609 2898 foeminas
638 2823 801 2913 extitisse,
832 2848 913 2921 quae
946 2820 1086 2920 quidem
1121 2820 1297 2918 plurimum

407 2952 438 2989 ²⁰
451 2938 593 3037 ingeniis
605 2963 648 3013 ac
661 2937 800 3012 dicendi
813 2937 928 3013 studio
941 2937 1175 3035 flagraverunt
1191 2938 1299 3032 Argu·

451 3072 568 3129 mento
594 3054 636 3129 sit
661 3055 772 3129 omnis
801 3056 933 3129 Graeca
953 3052 1079 3151 pariter
1107 3075 1150 3125 ac
1181 3050 1301 3124 Latina

451 3170 601 3261 historia,
627 3196 720 3269 quae,
739 3188 776 3245 ut
792 3169 1013 3269 ipsa.optime
1032 3168 1131 3258 nosti,
1150 3166 1301 3265 plurimis

450 3287 619 3386 variisque
656 3304 710 3362 est
742 3287 909 3385 exemplis
942 3285 1077 3360 referta
1112 3282 1193 3373 Sed,
1212 3284 1300 3381 proh

451 3404 570 3480 dolorl
598 3428 678 3479 cum
699 3427 940 3502 saepenumero
958 3425 1093 3475 mecum
1111 3399 1185 3498 ipse
1203 3399 1301 3497 cogi·

408 3566 435 3617 ις
451 3537 558 3596 tarem
585 3519 803 3596 miserrimam
828 3534 934 3616 atque
959 3515 1198 3591 detestabilem
1215 3539 1301 3589 con-
