2820 4680
668 608 719 652 tlt

263 789 348 853 sem,
376 762 608 838 conveniente
625 761 859 837 innumerabili
878 763 976 836 turba
994 760 1115 834 invitus

264 878 419 968 discessi,
442 877 522 976 quia
548 902 633 952 raro¹
651 877 784 952 utiliora
809 903 886 952 cum
913 876 986 951 aliis
1012 902 1114 976 quam

265 1012 345 1068 tunc
364 1019 499 1069 mecum
519 995 670 1068 locutum
690 1019 745 1068 me
761 994 916 1068 arbitror.
938 992 1022 1067 Dixi
1037 993 1115 1067 bre-

262 1109 349 1185 viter
366 1126 402 1185 et
427 1109 523 1208 quasi
541 1108 704 1208 quiddam
724 1168 731 1182 .
752 1168 759 1182 .
781 1168 788 1182 .
810 1167 817 1182 .
849 1135 893 1184 ex
912 1108 963 1183 his
979 1108 1115 1208 scriptis

264 1227 372 1301 habes
388 1242 533 1324 pratum,
548 1226 655 1300 habes
672 1226 776 1300 flores
793 1227 974 1316 collectos,
990 1242 1025 1299 et
1042 1252 1114 1325 quo
1147 1258 1156 1305 t

263 1359 368 1440 pacto
393 1342 455 1416 abs
482 1358 517 1415 te
542 1341 647 1415 nostri
677 1340 808 1422 doloris
833 1365 938 1415 eausa
963 1340 1113 1438 fugiam?

264 1460 364 1559 Quas
381 1457 429 1531 ob
446 1482 502 1531 res
519 1455 622 1531 laudo
639 1473 676 1531 et
692 1455 842 1531 admiror
855 1473 890 1530 te
904 1457 950 1531 ita
962 1459 1113 1555 prophe-

263 1589 365 1661 tasse,
390 1574 535 1648 aemulor
559 1589 665 1671 atque
690 1588 789 1670 opto,
809 1571 904 1671 quod
922 1572 1021 1646 sicuti
1039 1572 1113 1646 Ari-

263 1689 411 1763 stotilem
450 1688 602 1763 Socratis
626 1689 736 1786 gloria
761 1687 806 1762 ad
833 1686 1111 1785 coniungendum

262 1804 402 1879 dicendi
414 1822 594 1903 praecepta
606 1828 684 1878 cum
699 1803 964 1902 philosophandi
977 1803 1113 1903 sapien·
1129 1837 1158 1873 ιο

262 1921 308 1995 tia
342 1921 483 2019 impulit,
518 1921 768 1995 Temistoclem
787 1978 937 1993 ......
966 1923 1113 2020 trophea

261 2037 357 2134 quasi
376 2035 602 2111 dormientem
621 2036 867 2123 excitaverunt,
881 2037 931 2111 sic
949 2053 1007 2111 tua
1023 2063 1112 2135 prae-

260 2152 331 2227 visa
359 2170 394 2227 et
424 2152 567 2251 reliquae
584 2152 723 2227 virtutes
753 2178 807 2226 me
834 2153 1010 2228 meliorem
1036 2154 1111 2228 elfi-

261 2267 361 2342 ciant.
390 2266 513 2342 Credo
538 2284 663 2357 autem,
682 2268 708 2342 si
735 2268 768 2340 in
786 2268 919 2343 orando
936 2269 1110 2367 persistes,

260 2384 416 2459 suaviora
441 2384 501 2457 tibi
527 2400 773 2482 superventura
803 2401 839 2458 et
856 2410 978 2459 omnes
995 2386 1110 2460 existi·
1127 2418 1152 2469 ις

261 2516 410 2573 maturos
427 2498 684 2574 Veronensibus
697 2500 814 2574 salsam
829 2525 891 2598 per
905 2526 960 2575 me
974 2500 1108 2575 laudem

259 2614 409 2690 additam
437 2640 504 2689 non
530 2641 620 2703 esse,
638 2639 716 2689 cum
743 2614 928 2691 discedens
954 2617 1048 2715 ipsos
1075 2634 1110 2693 te

260 2731 568 2806 novissimaSibilla
580 2734 768 2806 honoratos
781 2730 864 2813 dixi,
882 2735 1109 2834 Quapropter

260 2864 316 2921 tua
348 2845 575 2921 sanctimonia
607 2846 781 2921 dominum
817 2847 1029 2946 deprecare,
1065 2874 1109 2923 ne

258 2980 388 3038 avertat
413 2962 536 3038 faciem
562 2988 669 3051 suam,
687 2962 751 3038 sed
774 2964 973 3038 misereatur
990 2965 1107 3055 nostri,
1123 2999 1153 3034 ιο

258 3105 325 3154 nec
350 3083 515 3178 postules,
535 3097 571 3153 ut
588 3096 622 3153 te
642 3138 649 3153 .
670 3138 677 3153 .
698 3138 705 3153 .
726 3081 807 3179 quia
824 3106 912 3156 mete
931 3080 962 3153 in
981 3097 1016 3156 te
1033 3081 1107 3179 pie·

257 3195 316 3271 tati
334 3197 414 3270 nihil
432 3196 616 3295 superaddi
634 3214 760 3295 potest.
780 3199 875 3271 Vale.

303 3415 337 3478 (ι)
354 3417 445 3467 aneso
469 3417 498 3467 c.
540 3417 573 3480 (4)
597 3401 718 3480 quodam
745 3418 775 3468 c.
810 3419 841 3481 (a.
860 3420 885 3483 9)
908 3420 1054 3469 ursionem
1074 3421 1103 3469 c.

255 3494 290 3559 (9)
314 3497 420 3560 gloriam
437 3497 468 3547 C.
502 3496 552 3561 (rr)
575 3497 668 3547 Excidit
684 3498 812 3548 Miltiadis.
847 3499 897 3562 (ιι)
918 3501 1022 3549 Meum
1037 3498 1106 3563 signa

254 3589 297 3641 ego
312 3576 397 3626 addidi
404 3593 413 3637 ,·
420 3576 484 3643 sori.
502 3577 588 3629 aaut
601 3581 659 3643 plus
674 3592 765 3629 amem.
