2820 4680
705 529 742 591 82

298 700 472 775 derelictis
489 701 644 800 supernis
661 699 705 774 ad
716 701 887 775 terrestria
904 719 939 775 te
957 719 1150 791 convertes,

298 833 356 890 tua
372 814 550 891 admiratio
568 816 765 914 longissimo
783 818 901 891 labore
925 834 1020 915 parta
1038 817 1069 888 in
1088 815 1150 890 de

299 932 400 1006 risum
434 931 621 1030 perveniet
666 932 699 1006 si
735 931 875 1030 quando
909 934 1079 1030 paululum
1116 950 1150 1006 te

298 1044 428 1135 audies,
455 1064 569 1121 tecum
596 1047 794 1136 convenies,
830 1064 943 1121 tecum
970 1047 1150 1145 cogitabis,

272 1161 388 1243 rscies
422 1187 501 1258 quae
531 1160 613 1236 dico
639 1179 675 1236 et
699 1187 896 1259 cognosces
921 1188 1000 1260 quae
1027 1164 1152 1260 loquor

298 1302 379 1351 vera
403 1302 490 1351 esse.
519 1281 619 1379 Quot
645 1296 754 1369 erunt,
781 1304 860 1375 quae
886 1281 1083 1376 languorem
1102 1278 1151 1351 in·

298 1391 494 1491 vidiamque
507 1392 748 1468 dissimulatam
761 1395 917 1493 aperient
927 1394 1017 1468 salsis
1027 1395 1150 1484 causis,

299 1509 430 1607 optima
448 1527 504 1584 tua
529 1534 638 1607 opera
654 1508 874 1599 damnabunt,
900 1513 1066 1609 praeclara
1095 1528 1152 1585 tua

299 1624 410 1699 studia
436 1625 467 1698 in
487 1625 679 1700 iactantiam
702 1629 921 1701 convertent!
950 1624 1068 1699 Aderit
1091 1627 1151 1699 im·

257 1769 286 1804 10
299 1740 511 1838 peritissimae
529 1740 749 1815 multitudinis
767 1765 956 1815 consensus
978 1759 1013 1815 et
1030 1767 1151 1815 omnes

300 1882 379 1952 quae
405 1873 440 1930 te
467 1856 584 1930 imitari
607 1882 675 1930 non
703 1874 887 1955 potuerunt
912 1857 971 1930 tibi
1011 1855 1151 1930 maledi·

299 1996 382 2046 cere
399 1971 621 2069 paratissimae
634 1989 743 2064 erunt,
754 1991 790 2046 et
807 1999 886 2071 quae
896 1973 1042 2047 occultis
1053 1972 1151 2046 bonis

298 2087 463 2184 operibus
488 2113 556 2161 non
580 2087 801 2162 crediderunt
819 2090 906 2162 mala
922 2089 1028 2162 verba
1046 2088 1150 2161 iacta·

300 2202 384 2275 bunt
396 2217 433 2275 et
450 2226 518 2276 non
533 2200 639 2276 modo
653 2204 841 2277 sanctitatis
859 2221 926 2277 ture
944 2203 1151 2277 obliviscen-

257 2346 282 2395 ις
300 2335 362 2408 tur,
389 2316 451 2391 sed
479 2317 562 2391 salsa
587 2318 856 2416 suspicabuntur.
886 2320 1151 2394 Consuevemnt

300 2434 414 2507 multae
439 2433 541 2507 etiam
569 2459 636 2507 non
663 2451 784 2509 tenues
806 2436 963 2509 mulieres
981 2437 1013 2509 in
1032 2436 1150 2510 alienis

300 2548 446 2648 negotiis
457 2550 655 2646 gravissime
673 2575 829 2642 censere,
848 2569 884 2626 et
902 2578 981 2649 quae
999 2551 1150 2626 deterio-

298 2688 353 2738 res
369 2680 448 2738 sunt
472 2690 516 2739 ex
542 2665 610 2739 suis
635 2666 721 2740 vitiis
746 2667 857 2742 aliena
872 2684 971 2765 gesta
992 2692 1146 2764 pensare.

299 2781 406 2878 Fuge,
429 2779 596 2879 quicquid
614 2806 681 2856 non
708 2784 817 2857 solum
839 2784 950 2881 palam
978 2781 1148 2879 reprendi,

205 2887 207 2890 ’
254 2926 285 2960 20
298 2893 360 2969 sed
379 2895 482 2971 tacite
500 2894 545 2970 de
564 2914 599 2970 te
617 2898 760 2996 cogitari
779 2915 906 2996 potest,
921 2901 1149 2995 perhorresce

298 3011 395 3086 fictas
421 3011 561 3086 fabulas.
592 3013 686 3086 Nihil
707 3031 761 3088 est
778 3031 845 3089 tam
864 3015 978 3103 molle,
998 3031 1064 3087 tam
1084 3014 1149 3087 sra-

296 3125 376 3224 gile,
407 3144 474 3200 tam
509 3127 673 3202 flectibile
707 3154 809 3227 quam
840 3129 984 3226 vulgaris
1017 3129 1148 3227 opini0,

298 3267 378 3340 quae
386 3242 488 3317 etiam
499 3242 667 3318 interdum
685 3260 781 3319 recte
795 3244 894 3319 iactis
911 3243 1058 3318 fastidita
1075 3245 1149 3344 ipsa

345 3426 379 3489 (a)
397 3426 513 3476 admirati
538 3429 568 3478 C.
603 3429 637 3492 (ό)
663 3431 793 3493 langorem
821 3429 851 3479 G
892 3427 942 3491 (rr)
966 3429 1089 3478 immineri
1115 3430 1144 3479 C.

299 3504 349 3567 (¹⁴)
363 3505 475 3555 sanitatis
487 3507 516 3556 0
551 3507 601 3571 (ιι)
617 3510 686 3558 mole
705 3507 786 3571 ΟΜ
802 3508 898 3558 mobile
911 3506 1085 3572 mundanti)
