2814 5116
538 978 595 1036 209

133 1131 341 1204 astutissimo
367 1131 410 1202 illi
437 1131 587 1228 serpenti
610 1130 842 1219 assentiendo,
860 1130 918 1226 qui
938 1129 987 1202 in-

135 1262 339 1343 terpretatus
365 1262 418 1318 est
442 1246 590 1341 sapiens,
617 1270 720 1341 quam
743 1245 852 1318 Adam
879 1245 987 1319 adeo

133 1362 166 1433 in
198 1362 353 1458 perlecta
382 1362 527 1435 scientia
556 1380 592 1434 et
621 1361 821 1458 cognitione
850 1378 986 1436 creatus

133 1477 389 1573 persuasionem
408 1494 444 1549 et
461 1502 584 1549 vocem
604 1476 818 1573 imperfectae
838 1476 986 1550 mulieris

132 1591 316 1665 audiendo
1018 1629 1027 1676 ς

182 1706 291 1807 Quod
317 1724 431 1780 autem
459 1709 592 1805 longius
614 1710 684 1781 Eva
702 1709 983 1805 perseveraverit,

131 1849 215 1920 ergo
242 1824 348 1920 magis
375 1824 583 1921 peccaverit,
610 1824 690 1919 quia
717 1839 811 1895 tanto
827 1824 984 1919 graviora

130 1955 208 2010 sunt
245 1938 372 2012 delicta
397 1956 527 2035 quanto
554 1938 679 2011 diutius
709 1938 881 2011 infelicem
912 1941 984 2013 ani·
1042 2030 1045 2037 Ι

131 2080 218 2127 mam
247 2070 364 2127 tenent
390 2054 569 2151 alligatam,
601 2054 734 2127 scilicet
768 2079 883 2126 verum
918 2072 982 2144 est,

130 2197 208 2243 cum
236 2188 384 2269 peccata
409 2172 474 2244 sint
501 2171 594 2268 paria
620 2187 655 2244 et
681 2171 713 2242 in
732 2169 858 2243 eodem
877 2174 930 2244 vel
949 2172 981 2244 in
1000 2204 1029 2240 ιο

129 2287 236 2359 simili.
268 2286 338 2360 Sed
360 2286 469 2359 Adam
488 2303 523 2358 et
543 2288 612 2358 Eva
630 2310 698 2358 non
718 2286 852 2358 luerunt
871 2311 981 2383 pares,

129 2403 209 2497 quia
234 2402 343 2476 Adam
362 2403 484 2475 animal
504 2402 695 2499 perlectum
714 2419 750 2475 et
769 2404 838 2474 Eva
857 2403 982 2500 imper-

130 2518 257 2591 sectum
283 2536 319 2592 et
346 2519 514 2615 ignorans.

178 2634 348 2723 Tandem,
380 2650 415 2706 ut
445 2650 479 2706 te
513 2649 656 2706 auctore
688 2650 787 2706 utar:
832 2635 982 2708 «Mulier

128 2753 322 2847 exemplum
362 2766 397 2822 et
439 2774 543 2822 causa
586 2749 723 2846 peccati
763 2749 834 2837 luit,
870 2766 906 2822 et
948 2750 980 2822 in
998 2783 1024 2833 ις

127 2869 322 2961 exemplum
357 2868 580 2939 vehementer
615 2865 807 2961 Gregorius
841 2867 978 2962 culpam

127 2982 293 3071 extendit,
335 2999 370 3055 et
404 3007 541 3055 causam
577 2982 801 3078 ignorantium
846 2981 980 3055 ludaeo-

129 3122 212 3183 rum,
240 3099 320 3191 quia
347 3097 453 3193 prima
471 3098 543 3184 luit,
562 3098 668 3194 magis
687 3096 858 3170 damnavit
876 3098 979 3169 Chri·

173 3459 207 3521 (1)
216 3460 379 3509 assentiendo
388 3460 477 3524 scripu,
487 3462 603 3509 assentiri
613 3461 642 3521 C,
653 3462 778 3510 assentire
795 3463 821 3509 V.
846 3461 879 3522 (ι.
891 3459 912 3522 3)
925 3460 978 3509 deo

126 3539 299 3602 impericli)
313 3541 339 3588 V.
374 3540 563 3602 (olautemom.
579 3543 605 3588 V.
640 3539 674 3602 (7)
684 3540 800 3602 peccavit
816 3542 842 3588 V.
877 3539 911 3602 (8)
923 3539 979 3589 diu·

125 3619 461 3683 tiusdcmaoaddtdiarp.
479 3633 531 3680 197,
544 3635 566 3680 4,
585 3634 629 3682 qu.
648 3621 673 3670 d.
688 3620 728 3669 ini.
741 3635 781 3669 an.
795 3629 812 3669 t.
825 3623 865 3670 all.
881 3634 927 3670 ont.
950 3622 976 3670 V.

124 3699 284 3762 (olscr'lom.
304 3700 333 3749 C
369 3701 540 3763 (rolsuntC.
575 3702 625 3764 (rr)
642 3709 682 3750 set
696 3703 722 3749 V.
750 3701 800 3764 (rr)
811 3701 877 3764 peri.
890 3715 929 3750 an.
948 3704 975 3750 V.

125 3780 172 3841 (ις.
192 3779 229 3841 ¹⁴)
252 3779 277 3830 t‘n
301 3781 348 3830 ΟΕ
358 3783 474 3844 paucam
490 3795 537 3830 non
553 3784 608 3831 anic
622 3782 733 3841 tandem,
754 3781 796 3830 aad
811 3783 867 3830 anie
886 3782 977 3830 mulier

125 3858 252 3921 legitema
274 3859 400 3909 Vnullum
415 3859 563 3924 estrignum.
598 3861 840 3925 (rtliuitpeec.0
874 3860 978 3924 (rolve-

126 3941 259 3989 hementer
274 3955 319 3988 ont.
343 3943 369 3989 V.
404 3939 454 4003 (ru)
472 3941 551 3990 maius
563 3943 589 3991 V.
623 3940 767 4004 dampnavit
784 3941 885 3991 Cristus
905 3943 932 3991 V.

178 4060 240 4102 1⁸01·
255 4061 366 4116 anguore
380 4060 456 4118 open
470 4061 496 4104 11.
842 4061 870 4107 Ῑ4
