2820 4680
543 611 597 671 ²4³

145 779 312 837 tenentur.
346 764 449 836 Evam
480 779 594 836 autem
625 762 894 861 insipientiorem
923 763 997 837 viro

145 879 248 953 luisse
272 904 318 954 ex
342 903 452 953 sacrae
479 878 614 977 paginae
635 879 748 953 verbis
765 878 917 977 undique
935 880 997 954 de·

146 994 377 1093 prehenditur.
410 995 464 1068 Ad
495 995 604 1093 ipsum
635 995 725 1068 enim
756 993 862 1067 virum
892 994 996 1069 veluti

144 1109 428 1208 sapientissimum
453 1126 491 1183 et
516 1135 584 1184 non
607 1109 651 1183 ad
671 1110 786 1195 Evam,
805 1125 842 1182 ut
857 1109 997 1208 singulis

145 1226 239 1299 iuxta
256 1225 501 1324 proprietatem
519 1225 687 1322 cuiusque
704 1224 836 1321 speciei
858 1223 998 1299 nomina
1029 1255 1038 1304 s

146 1341 348 1437 imponeret,
383 1341 535 1415 adducta
568 1357 645 1414 sunt
674 1339 842 1430 animalia,
873 1339 996 1437 utqui

145 1455 295 1529 omnium
331 1481 441 1529 rerum
473 1472 624 1530 naturam
654 1471 759 1552 atque
789 1453 997 1528 differentias

145 1571 275 1669 optime
302 1590 409 1646 norat.
438 1574 533 1671 Quae
555 1570 695 1668 quidem
713 1570 868 1668 cognitio
886 1586 996 1645 utrum

145 1686 208 1785 ipsi
235 1686 363 1761 inesset
384 1687 525 1775 mulieri,
545 1686 656 1761 sateor
673 1710 728 1760 me
747 1685 881 1784 penitus
899 1686 997 1785 igno·

145 1827 230 1877 rare.
264 1803 342 1876 Pari
368 1803 471 1876 etiam
496 1827 614 1901 gressu
642 1803 727 1875 ratio
757 1801 997 1877 inconstantiae
1014 1833 1042 1869 ιο

145 1918 316 2016 procedit,
326 1935 362 1992 et
375 1943 454 1992 cum
468 1918 592 1992 dicitur
605 1918 650 1992 de
669 1916 907 2008 inconstantia,
930 1942 996 1992 nec

146 2034 378 2131 procedentes
425 2033 648 2132 operationes
698 2033 998 2131 vituperabiliores

144 2166 233 2237 sunt,
262 2150 459 2247 intelligitur
484 2149 530 2222 de
557 2149 795 2238 inconstantia,
822 2175 902 2246 quae
927 2174 997 2223 non

145 2280 198 2337 est
224 2264 413 2338 secundum
441 2281 604 2353 naturam,
623 2264 686 2339 sed
707 2264 896 2338 secundum
924 2288 998 2338 mo-

146 2404 200 2453 res
221 2396 258 2452 et
283 2380 373 2467 vitia,
396 2397 433 2453 et
457 2379 582 2454 dicitur
608 2381 640 2452 in
676 2379 911 2478 perlectione;
940 2379 1039 2460 ubi15

144 2495 234 2568 enim
261 2511 429 2594 augentur
446 2497 549 2584 dona,
564 2496 713 2570 crevisse
726 2496 830 2570 etiam
844 2495 997 2569 donandi

144 2635 284 2685 caussas
296 2611 457 2685 creditur.
474 2614 575 2686 Deus
584 2636 662 2686 curn
674 2611 846 2684 hominem
857 2609 997 2699 creavit,

144 2728 189 2801 ab
215 2727 310 2801 initio
335 2728 465 2802 creavit
490 2728 581 2801 illurn
608 2727 799 2824 perlectum
822 2744 858 2799 et
875 2726 998 2801 animae

144 2843 218 2916 eius
243 2843 416 2940 potentias
441 2843 625 2942 perlectas,
653 2843 791 2917 tradens
816 2842 866 2915 eis
892 2840 998 2916 maio-

145 2984 216 3032 rem
242 2958 393 3033 veritatis
419 2959 585 3033 rationem
612 2975 648 3031 et
673 2957 908 3056 cognitionem
927 2980 998 3031 ma·
1012 2990 1043 3026 ιο

145 3075 266 3171 iusque
292 3075 471 3173 sapientiae
496 3098 653 3164 acumen,
689 3074 735 3147 ita
761 3088 797 3145 ut
827 3071 997 3161 dominus,

147 3207 182 3263 ut
198 3215 302 3288 supra
314 3215 456 3288 quoque
469 3189 652 3288 attigimus,
667 3190 859 3264 adduceret
871 3203 999 3264 cuncta

146 3322 246 3380 terrae
272 3305 456 3381 animantia
480 3322 516 3380 et
541 3304 690 3379 volatilia
714 3303 798 3378 coeli
824 3303 869 3377 ad
886 3302 997 3381 Adam

161 3577 166 3588 Ι
191 3498 303 3563 (rr-17)
320 3497 432 3565 conferp.
447 3510 499 3560 199,
515 3509 597 3562 5-11·
631 3495 751 3563 (24)th
762 3495 839 3562 (een.
851 3495 936 3560 mol:
953 3495 1000 3548 Fa·

144 3589 240 3628 eamus
255 3589 276 3631 a.

848 3682 891 3732 1⁶²
