2820 4680
704 500 762 566 aiio

306 675 592 775 instruendosque
610 677 802 750 intellectus
820 675 1047 750 necessariam
1065 696 1154 764 esse,

305 792 384 866 huic
406 791 543 867 dulcem
570 818 612 867 ac
639 791 821 866 facundam
847 791 1010 864 comitem
1036 791 1155 865 adiun-

304 907 353 980 xit
382 907 522 982 dicendi
549 909 716 982 rationem
749 932 791 981 ac
822 906 1047 1004 disciplinam,
1078 908 1156 980 rhe-

304 1021 447 1097 toricam
474 1023 568 1114 dic0,
586 1047 689 1120 quam
717 1039 812 1095 tanto
829 1021 964 1111 ardore,
983 1039 1076 1095 tanta
1093 1020 1155 1094 de·

277 1137 489 1218 tlectatione
507 1139 675 1237 percepit,
695 1158 730 1211 ut
747 1138 779 1210 in
794 1139 860 1210 hac
874 1161 1030 1235 magnam
1043 1136 1155 1210 aetatis

302 1276 375 1327 suoe
417 1271 548 1351 partem
590 1253 857 1350 industriamque
891 1251 1152 1348 consumpserit.

304 1369 346 1441 Et
380 1369 414 1442 in
446 1394 490 1444 ea
522 1370 614 1444 adeo
647 1368 922 1467 splendidissime
956 1369 1154 1441 elaborasse

303 1501 451 1576 constat,
470 1502 505 1559 ut
531 1485 647 1559 omnia
664 1502 732 1558 tam
750 1487 881 1558 Graeca
898 1508 1002 1581 quam
1021 1482 1152 1572 Ludna,

302 1624 383 1696 quae
408 1601 692 1698 eloquentissimo
713 1625 755 1674 ac
773 1599 996 1673 disertissimo
1015 1597 1152 1670 homine

260 1748 291 1784 ιο
303 1713 406 1813 digna
422 1733 549 1806 essent,
568 1716 612 1790 ad
629 1739 673 1789 ea
689 1715 752 1789 sibi
766 1714 1001 1812 comparanda
1013 1738 1152 1786 omnem

302 1855 444 1928 operam
485 1831 688 1906 adhibuerit.
734 1831 968 1928 Philosophos
1001 1833 1153 1928 Graecos

303 1944 409 2020 ferme
434 1972 556 2021 omnes
581 1947 702 2045 attigit,
729 1970 795 2020 nec
818 1946 915 2019 ullius
933 1946 1082 2042 ipsorum
1101 1944 1153 2017 di·

301 2062 456 2159 sciplinae
472 2065 526 2137 vel
539 2087 665 2160 expers
678 2065 732 2136 vel
746 2062 881 2160 ignarus
895 2060 965 2133 suit.
988 2062 1152 2133 Hebreos

301 2177 355 2250 vel
381 2176 548 2268 Caldeos,
574 2177 689 2275 Syrios
712 2177 815 2250 enixe
833 2176 950 2264 coluit,
969 2201 1072 2249 omne
1090 2174 1152 2248 de-

260 2325 285 2377 15
302 2291 405 2389 nique
430 2292 647 2366 scientiarum
668 2316 777 2390 genus
795 2290 1050 2366 familiarissima
1067 2315 1152 2387 qua-

301 2405 380 2480 dam
407 2407 607 2504 cognitione
632 2409 835 2504 complexus
861 2422 924 2479 est.
952 2408 1152 2478 Innumeros

301 2521 406 2595 libros
418 2521 539 2613 edidit,
554 2522 715 2619 plurimos
731 2521 1029 2619 pulcherrimeque
1042 2521 1151 2618 scrip-

301 2652 355 2709 tos
372 2637 490 2735 coegit
507 2637 541 2710 in
560 2638 786 2734 Latinumque
804 2636 962 2725 traduxit,
977 2636 1009 2708 in
1027 2637 1151 2733 quibus

301 2752 350 2824 vir
374 2751 430 2825 ille
448 2751 579 2826 divinus
597 2753 644 2825 ita
661 2769 792 2841 ornate,
811 2752 858 2825 ita
874 2754 1066 2825 luculenter
1082 2750 1151 2824 dis-

256 2901 287 2938 ιο
300 2867 415 2958 seruit,
442 2885 605 2966 mutaque
630 2868 817 2966 opulentia,
845 2885 1011 2964 tantoque
1036 2869 1151 2964 splen-

299 2981 386 3057 dore
411 2983 607 3075 abundavit,
634 3001 670 3057 ut
692 2984 814 3091 merito
830 2985 876 3057 ab
893 3009 954 3057 ore
973 2983 1049 3080 ipso
1066 3008 1151 3057 auro

345 3238 378 3302 (3.
397 3238 422 3302 4)
439 3239 464 3288 ld
476 3248 515 3288 est
528 3240 681 3289 rethoricam
692 3239 736 3303 (sic
745 3239 815 3289 cuium
827 3239 875 3302 M),
887 3253 963 3302 quarn
977 3240 1009 3289 G.
1045 3239 1079 3302 (Β)
1091 3254 1152 3289 con-

298 3320 419 3368 staturG.
445 3317 495 3382 (rr)
505 3320 648 3368 adhibuere
657 3321 691 3369 G.
716 3319 766 3383 (ις)
776 3320 965 3368 familiarissime
975 3320 1008 3369 G.
1034 3321 1084 3382 (16)
1095 3323 1151 3369 inu·

298 3412 385 3448 meros
400 3399 432 3448 Β.
475 3400 525 3462 (18)
542 3401 638 3463 coegit]
659 3400 740 3463 attigit
763 3401 797 3449 G.
839 3400 887 3462 (19.
907 3399 946 3462 ιο)
963 3399 1070 3449 diseruit
1084 3400 1148 3463 ΒΜ,

297 3479 413 3528 deseruit
431 3480 464 3529 G.
499 3479 549 3542 (21)
562 3480 715 3529 habundavit
726 3480 786 3529 BG.
