<?xml version="1.0" encoding="UTF-8"?>
<!DOCTYPE html PUBLIC "-//W3C//DTD XHTML 1.0 Transitional//EN"
    "http://www.w3.org/TR/xhtml1/DTD/xhtml1-transitional.dtd">
<html xmlns="http://www.w3.org/1999/xhtml" xml:lang="en" lang="en">
 <head>
  <title>
</title>
<meta http-equiv="Content-Type" content="text/html;charset=utf-8" />
  <meta name='ocr-system' content='tesseract 3.04.00' />
  <meta name='ocr-capabilities' content='ocr_page ocr_carea ocr_par ocr_line ocrx_word'/>
</head>
<body>
  <div class='ocr_page' id='page_1' title='image "./isotnogarolvero01nogagoog/isotnogarolvero01nogagoog_0330.png"; bbox 0 0 2820 4680; ppageno 0'>
   <div class='ocr_carea' id='block_1_1' title="bbox 486 623 537 681">
    <p class='ocr_par' dir='ltr' id='par_1_1' title="bbox 486 623 537 681">
     <span class='ocr_line' id='line_1_1' title="bbox 486 623 537 681; baseline -0.02 -14"><span class='ocrx_word' id='word_1_1' title='bbox 486 623 537 681; x_wconf 77' lang='lat'>3²¹</span> 
     </span>
    </p>
   </div>
   <div class='ocr_carea' id='block_1_2' title="bbox 84 772 888 3298">
    <p class='ocr_par' dir='ltr' id='par_1_2' title="bbox 84 772 762 953">
     <span class='ocr_line' id='line_1_2' title="bbox 84 772 762 854; baseline -0.003 -18"><span class='ocrx_word' id='word_1_2' title='bbox 84 776 197 837; x_wconf 89' lang='lat' dir='ltr'>Omnia</span> <span class='ocrx_word' id='word_1_3' title='bbox 210 773 333 835; x_wconf 71' lang='lat' dir='ltr'>luxurie</span> <span class='ocrx_word' id='word_1_4' title='bbox 346 772 462 854; x_wconf 88' lang='lat' dir='ltr'>cupidis</span> <span class='ocrx_word' id='word_1_5' title='bbox 474 772 632 836; x_wconf 70' lang='lat' dir='ltr'>dulcedine</span> <span class='ocrx_word' id='word_1_6' title='bbox 644 773 762 847; x_wconf 85' lang='lat' dir='ltr'>desunt,</span> 
     </span>
     <span class='ocr_line' id='line_1_3' title="bbox 128 870 742 953; baseline -0.002 -20"><span class='ocrx_word' id='word_1_7' title='bbox 128 872 178 933; x_wconf 90' lang='lat' dir='ltr'>Nil</span> <span class='ocrx_word' id='word_1_8' title='bbox 193 871 246 932; x_wconf 90' lang='lat' dir='ltr'>nisi</span> <span class='ocrx_word' id='word_1_9' title='bbox 260 870 411 932; x_wconf 85' lang='lat' dir='ltr'>sufficiens</span> <span class='ocrx_word' id='word_1_10' title='bbox 424 870 498 952; x_wconf 78' lang='lat' dir='ltr'>ignis</span> <span class='ocrx_word' id='word_1_11' title='bbox 513 870 622 932; x_wconf 88' lang='lat' dir='ltr'>habere</span> <span class='ocrx_word' id='word_1_12' title='bbox 636 881 742 953; x_wconf 86' lang='lat' dir='ltr'>potest.</span> 
     </span>
    </p>

    <p class='ocr_par' dir='ltr' id='par_1_3' title="bbox 86 967 850 1146">
     <span class='ocr_line' id='line_1_4' title="bbox 86 967 850 1049; baseline -0.01 -16"><span class='ocrx_word' id='word_1_13' title='bbox 86 969 213 1033; x_wconf 88' lang='lat' dir='ltr'>Dulcius</span> <span class='ocrx_word' id='word_1_14' title='bbox 226 967 352 1030; x_wconf 75' lang='lat' dir='ltr'>ebrietas</span> <span class='ocrx_word' id='word_1_15' title='bbox 366 967 453 1029; x_wconf 83' lang='lat' dir='ltr'>intrat</span> <span class='ocrx_word' id='word_1_16' title='bbox 467 967 601 1030; x_wconf 84' lang='lat' dir='ltr'>nocitura</span> <span class='ocrx_word' id='word_1_17' title='bbox 614 967 763 1049; x_wconf 79' lang='lat' dir='ltr'>profanos,</span> <span class='ocrx_word' id='word_1_18' title='bbox 848 1020 850 1025; x_wconf 81' lang='grc'>,</span> 
     </span>
     <span class='ocr_line' id='line_1_5' title="bbox 127 1064 740 1146; baseline -0.002 -19"><span class='ocrx_word' id='word_1_19' title='bbox 127 1066 226 1128; x_wconf 88' lang='lat' dir='ltr'>Dulce</span> <span class='ocrx_word' id='word_1_20' title='bbox 240 1065 295 1127; x_wconf 87' lang='lat' dir='ltr'>sibi</span> <span class='ocrx_word' id='word_1_21' title='bbox 309 1064 375 1127; x_wconf 91' lang='lat' dir='ltr'>diro</span> <span class='ocrx_word' id='word_1_22' title='bbox 388 1064 465 1127; x_wconf 85' lang='lat' dir='ltr'>uirus</span> <span class='ocrx_word' id='word_1_23' title='bbox 479 1064 508 1126; x_wconf 93' lang='lat' dir='ltr'>in</span> <span class='ocrx_word' id='word_1_24' title='bbox 521 1083 619 1146; x_wconf 81' lang='lat' dir='ltr'>angue</span> <span class='ocrx_word' id='word_1_25' title='bbox 633 1075 740 1126; x_wconf 87' lang='lat' dir='ltr'>manet.</span> 
     </span>
    </p>

    <p class='ocr_par' dir='ltr' id='par_1_4' title="bbox 85 1161 888 1340">
     <span class='ocr_line' id='line_1_6' title="bbox 85 1161 888 1244; baseline -0.006 -17"><span class='ocrx_word' id='word_1_26' title='bbox 85 1166 166 1228; x_wconf 90' lang='lat' dir='ltr'>Cum</span> <span class='ocrx_word' id='word_1_27' title='bbox 180 1163 230 1223; x_wconf 88' lang='lat' dir='ltr'>tibi</span> <span class='ocrx_word' id='word_1_28' title='bbox 244 1163 311 1223; x_wconf 82' lang='lat' dir='ltr'>vina</span> <span class='ocrx_word' id='word_1_29' title='bbox 324 1161 450 1243; x_wconf 75' lang='lat' dir='ltr'>placent,</span> <span class='ocrx_word' id='word_1_30' title='bbox 469 1180 529 1223; x_wconf 89' lang='lat' dir='ltr'>non</span> <span class='ocrx_word' id='word_1_31' title='bbox 540 1162 762 1225; x_wconf 73' lang='lat' dir='ltr'>immoderantia</span> <span class='ocrx_word' id='word_1_32' title='bbox 776 1173 888 1244; x_wconf 76' lang='lat' dir='ltr'>regnet,</span> 
     </span>
     <span class='ocr_line' id='line_1_7' title="bbox 128 1259 795 1340; baseline -0.003 -16"><span class='ocrx_word' id='word_1_33' title='bbox 128 1260 229 1324; x_wconf 87' lang='lat' dir='ltr'><strong>Perdit</strong></span> <span class='ocrx_word' id='word_1_34' title='bbox 241 1260 320 1321; x_wconf 90' lang='lat' dir='ltr'>enim</span> <span class='ocrx_word' id='word_1_35' title='bbox 334 1277 438 1322; x_wconf 89' lang='lat' dir='ltr'>cursus</span> <span class='ocrx_word' id='word_1_36' title='bbox 452 1259 661 1322; x_wconf 87' lang='lat' dir='ltr'>immoderatus</span> <span class='ocrx_word' id='word_1_37' title='bbox 674 1277 795 1340; x_wconf 88' lang='lat' dir='ltr'>equum.</span> 
     </span>
    </p>

    <p class='ocr_par' dir='ltr' id='par_1_5' title="bbox 87 1357 762 1537">
     <span class='ocr_line' id='line_1_8' title="bbox 87 1357 762 1439; baseline -0.001 -19"><span class='ocrx_word' id='word_1_38' title='bbox 87 1359 220 1439; x_wconf 83' lang='lat' dir='ltr'>Dissipat</span> <span class='ocrx_word' id='word_1_39' title='bbox 234 1358 376 1439; x_wconf 80' lang='lat' dir='ltr'>insignem</span> <span class='ocrx_word' id='word_1_40' title='bbox 391 1357 480 1419; x_wconf 81' lang='lat' dir='ltr'>tineae</span> <span class='ocrx_word' id='word_1_41' title='bbox 494 1358 627 1419; x_wconf 88' lang='lat' dir='ltr'>corrosio</span> <span class='ocrx_word' id='word_1_42' title='bbox 640 1368 762 1433; x_wconf 82' lang='lat' dir='ltr'>vestem,</span> 
     </span>
     <span class='ocr_line' id='line_1_9' title="bbox 129 1455 695 1537; baseline -0.002 -20"><span class='ocrx_word' id='word_1_43' title='bbox 129 1456 220 1518; x_wconf 87' lang='lat' dir='ltr'>Ebria</span> <span class='ocrx_word' id='word_1_44' title='bbox 233 1465 388 1536; x_wconf 80' lang='lat' dir='ltr'>congestas</span> <span class='ocrx_word' id='word_1_45' title='bbox 402 1455 510 1516; x_wconf 80' lang='lat' dir='ltr'>semina</span> <span class='ocrx_word' id='word_1_46' title='bbox 523 1455 599 1517; x_wconf 89' lang='lat' dir='ltr'>rodit</span> <span class='ocrx_word' id='word_1_47' title='bbox 612 1473 695 1537; x_wconf 86' lang='lat' dir='ltr'>opes.</span> 
     </span>
    </p>

    <p class='ocr_par' dir='ltr' id='par_1_6' title="bbox 86 1551 776 1731">
     <span class='ocr_line' id='line_1_10' title="bbox 86 1551 776 1635; baseline -0.001 -19"><span class='ocrx_word' id='word_1_48' title='bbox 86 1554 150 1616; x_wconf 79' lang='lat' dir='ltr'>Alta</span> <span class='ocrx_word' id='word_1_49' title='bbox 165 1554 263 1615; x_wconf 85' lang='lat' dir='ltr'>ierunt</span> <span class='ocrx_word' id='word_1_50' title='bbox 276 1553 394 1634; x_wconf 87' lang='lat' dir='ltr'>sapidos</span> <span class='ocrx_word' id='word_1_51' title='bbox 409 1553 535 1614; x_wconf 87' lang='lat' dir='ltr'>sitientia</span> <span class='ocrx_word' id='word_1_52' title='bbox 548 1551 665 1614; x_wconf 80' lang='lat' dir='ltr'>vascula</span> <span class='ocrx_word' id='word_1_53' title='bbox 679 1563 776 1635; x_wconf 88' lang='lat' dir='ltr'>potus,</span> 
     </span>
     <span class='ocr_line' id='line_1_11' title="bbox 126 1649 722 1731; baseline 0 -19"><span class='ocrx_word' id='word_1_54' title='bbox 126 1652 231 1713; x_wconf 83' lang='lat' dir='ltr'>Sobria</span> <span class='ocrx_word' id='word_1_55' title='bbox 245 1651 300 1712; x_wconf 85' lang='lat' dir='ltr'>lert</span> <span class='ocrx_word' id='word_1_56' title='bbox 314 1649 417 1712; x_wconf 90' lang='lat' dir='ltr'>mulier</span> <span class='ocrx_word' id='word_1_57' title='bbox 429 1649 537 1731; x_wconf 83' lang='lat' dir='ltr'>gaudia</span> <span class='ocrx_word' id='word_1_58' title='bbox 550 1649 641 1713; x_wconf 87' lang='lat' dir='ltr'>multa</span> <span class='ocrx_word' id='word_1_59' title='bbox 653 1651 722 1712; x_wconf 85' lang='lat' dir='ltr'>uiro.</span> 
     </span>
    </p>

    <p class='ocr_par' dir='ltr' id='par_1_7' title="bbox 90 1748 762 1928">
     <span class='ocr_line' id='line_1_12' title="bbox 90 1748 762 1830; baseline -0.001 -19"><span class='ocrx_word' id='word_1_60' title='bbox 90 1749 204 1811; x_wconf 90' lang='lat' dir='ltr'>Duloes</span> <span class='ocrx_word' id='word_1_61' title='bbox 218 1749 360 1810; x_wconf 82' lang='lat' dir='ltr'>sobrietas</span> <span class='ocrx_word' id='word_1_62' title='bbox 375 1749 489 1830; x_wconf 78' lang='lat' dir='ltr'>praebet</span> <span class='ocrx_word' id='word_1_63' title='bbox 502 1748 655 1810; x_wconf 82' lang='lat' dir='ltr'>virtutibus</span> <span class='ocrx_word' id='word_1_64' title='bbox 669 1766 762 1823; x_wconf 88' lang='lat' dir='ltr'>escas,</span> 
     </span>
     <span class='ocr_line' id='line_1_13' title="bbox 129 1845 742 1928; baseline -0.002 -20"><span class='ocrx_word' id='word_1_65' title='bbox 129 1847 243 1909; x_wconf 88' lang='lat' dir='ltr'>Duloes</span> <span class='ocrx_word' id='word_1_66' title='bbox 257 1845 307 1908; x_wconf 89' lang='lat' dir='ltr'>dat</span> <span class='ocrx_word' id='word_1_67' title='bbox 321 1845 414 1907; x_wconf 90' lang='lat' dir='ltr'>soboli</span> <span class='ocrx_word' id='word_1_68' title='bbox 428 1857 521 1907; x_wconf 86' lang='lat' dir='ltr'>mater</span> <span class='ocrx_word' id='word_1_69' title='bbox 533 1846 628 1907; x_wconf 85' lang='lat' dir='ltr'>amica</span> <span class='ocrx_word' id='word_1_70' title='bbox 640 1845 742 1928; x_wconf 86' lang='lat' dir='ltr'>dapes.</span> 
     </span>
    </p>

    <p class='ocr_par' dir='ltr' id='par_1_8' title="bbox 91 1942 782 2123">
     <span class='ocr_line' id='line_1_14' title="bbox 91 1942 761 2018; baseline -0.004 -9"><span class='ocrx_word' id='word_1_71' title='bbox 91 1947 207 2010; x_wconf 90' lang='lat' dir='ltr'>Umbra</span> <span class='ocrx_word' id='word_1_72' title='bbox 220 1946 345 2006; x_wconf 84' lang='lat' dir='ltr'>viatores</span> <span class='ocrx_word' id='word_1_73' title='bbox 360 1945 450 2005; x_wconf 89' lang='lat' dir='ltr'>nimio</span> <span class='ocrx_word' id='word_1_74' title='bbox 463 1942 612 2006; x_wconf 76' lang='lat' dir='ltr'>demulcet</span> <span class='ocrx_word' id='word_1_75' title='bbox 626 1943 664 2004; x_wconf 95' lang='lat' dir='ltr'>ab</span> <span class='ocrx_word' id='word_1_76' title='bbox 678 1954 761 2018; x_wconf 77' lang='lat' dir='ltr'>aestu,</span> 
     </span>
     <span class='ocr_line' id='line_1_15' title="bbox 128 2041 782 2123; baseline -0.006 -16"><span class='ocrx_word' id='word_1_77' title='bbox 128 2045 276 2107; x_wconf 83' lang='lat' dir='ltr'>Sobrietas</span> <span class='ocrx_word' id='word_1_78' title='bbox 291 2044 423 2105; x_wconf 87' lang='lat' dir='ltr'>homines</span> <span class='ocrx_word' id='word_1_79' title='bbox 437 2043 550 2123; x_wconf 89' lang='lat' dir='ltr'>absque</span> <span class='ocrx_word' id='word_1_80' title='bbox 565 2041 667 2103; x_wconf 90' lang='lat' dir='ltr'>dolore</span> <span class='ocrx_word' id='word_1_81' title='bbox 683 2042 782 2104; x_wconf 85' lang='lat' dir='ltr'>nutn&#39;t.</span> 
     </span>
    </p>

    <p class='ocr_par' dir='ltr' id='par_1_9' title="bbox 88 2139 863 2301">
     <span class='ocr_line' id='line_1_16' title="bbox 88 2139 863 2221; baseline -0.003 -18"><span class='ocrx_word' id='word_1_82' title='bbox 88 2142 221 2204; x_wconf 75' lang='lat' dir='ltr'>Abstinet</span> <span class='ocrx_word' id='word_1_83' title='bbox 235 2158 287 2202; x_wconf 88' lang='lat' dir='ltr'>ore</span> <span class='ocrx_word' id='word_1_84' title='bbox 301 2159 356 2201; x_wconf 91' lang='lat' dir='ltr'>suo</span> <span class='ocrx_word' id='word_1_85' title='bbox 370 2139 451 2221; x_wconf 90' lang='lat' dir='ltr'>quod</span> <span class='ocrx_word' id='word_1_86' title='bbox 467 2149 566 2221; x_wconf 86' lang='lat' dir='ltr'>pascat</span> <span class='ocrx_word' id='word_1_87' title='bbox 581 2139 692 2201; x_wconf 80' lang='lat' dir='ltr'>avicula</span> <span class='ocrx_word' id='word_1_88' title='bbox 706 2139 809 2221; x_wconf 84' lang='lat' dir='ltr'>pullos,</span> <span class='ocrx_word' id='word_1_89' title='bbox 861 2206 863 2210; x_wconf 65' lang='grc'>,</span> 
     </span>
     <span class='ocr_line' id='line_1_17' title="bbox 128 2236 759 2301; baseline -0.003 0"><span class='ocrx_word' id='word_1_90' title='bbox 128 2239 261 2301; x_wconf 80' lang='lat' dir='ltr'>Abstinet</span> <span class='ocrx_word' id='word_1_91' title='bbox 277 2249 307 2299; x_wconf 91' lang='lat' dir='ltr'>ut</span> <span class='ocrx_word' id='word_1_92' title='bbox 321 2255 425 2299; x_wconf 85' lang='lat' dir='ltr'>sensus</span> <span class='ocrx_word' id='word_1_93' title='bbox 438 2248 468 2298; x_wconf 90' lang='lat' dir='ltr'>et</span> <span class='ocrx_word' id='word_1_94' title='bbox 483 2236 560 2298; x_wconf 89' lang='lat' dir='ltr'>bene</span> <span class='ocrx_word' id='word_1_95' title='bbox 574 2237 679 2299; x_wconf 89' lang='lat' dir='ltr'>doctus</span> <span class='ocrx_word' id='word_1_96' title='bbox 694 2237 759 2299; x_wconf 84' lang='lat' dir='ltr'>alat.</span> 
     </span>
    </p>

    <p class='ocr_par' dir='ltr' id='par_1_10' title="bbox 92 2334 746 2513">
     <span class='ocr_line' id='line_1_18' title="bbox 92 2334 746 2416; baseline -0.002 -18"><span class='ocrx_word' id='word_1_97' title='bbox 92 2340 162 2398; x_wconf 90' lang='lat' dir='ltr'>Non</span> <span class='ocrx_word' id='word_1_98' title='bbox 177 2337 263 2415; x_wconf 87' lang='lat' dir='ltr'>igitur</span> <span class='ocrx_word' id='word_1_99' title='bbox 277 2352 416 2416; x_wconf 86' lang='lat' dir='ltr'>superare</span> <span class='ocrx_word' id='word_1_100' title='bbox 429 2335 499 2416; x_wconf 81' lang='lat' dir='ltr'>gula</span> <span class='ocrx_word' id='word_1_101' title='bbox 512 2334 632 2397; x_wconf 78' lang='lat' dir='ltr'>feritatis</span> <span class='ocrx_word' id='word_1_102' title='bbox 645 2336 746 2410; x_wconf 83' lang='lat' dir='ltr'>amica,</span> 
     </span>
     <span class='ocr_line' id='line_1_19' title="bbox 129 2433 645 2513; baseline -0.004 -18"><span class='ocrx_word' id='word_1_103' title='bbox 129 2434 187 2496; x_wconf 85' lang='lat' dir='ltr'>Sed</span> <span class='ocrx_word' id='word_1_104' title='bbox 203 2435 240 2494; x_wconf 87' lang='lat' dir='ltr'>sis</span> <span class='ocrx_word' id='word_1_105' title='bbox 253 2433 385 2513; x_wconf 80' lang='lat' dir='ltr'>angelica</span> <span class='ocrx_word' id='word_1_106' title='bbox 398 2433 556 2495; x_wconf 79' lang='lat' dir='ltr'>sobrietate</span> <span class='ocrx_word' id='word_1_107' title='bbox 570 2433 645 2513; x_wconf 84' lang='lat' dir='ltr'>pius.</span> 
     </span>
    </p>

    <p class='ocr_par' dir='ltr' id='par_1_11' title="bbox 92 2530 854 2905">
     <span class='ocr_line' id='line_1_20' title="bbox 92 2530 820 2611; baseline 0 -18"><span class='ocrx_word' id='word_1_108' title='bbox 92 2532 248 2593; x_wconf 82' lang='lat' dir='ltr'>Luxuriam</span> <span class='ocrx_word' id='word_1_109' title='bbox 264 2531 331 2591; x_wconf 82' lang='lat' dir='ltr'>lorti</span> <span class='ocrx_word' id='word_1_110' title='bbox 344 2530 463 2592; x_wconf 89' lang='lat' dir='ltr'>studeas</span> <span class='ocrx_word' id='word_1_111' title='bbox 476 2530 599 2611; x_wconf 84' lang='lat' dir='ltr'>religare</span> <span class='ocrx_word' id='word_1_112' title='bbox 612 2541 725 2606; x_wconf 79' lang='lat' dir='ltr'>eatena,</span> <span class='ocrx_word' id='word_1_113' title='bbox 815 2592 820 2601; x_wconf 86' lang='grc'><em>,</em></span> 
     </span>
     <span class='ocr_line' id='line_1_21' title="bbox 134 2628 800 2710; baseline 0.002 -21"><span class='ocrx_word' id='word_1_114' title='bbox 134 2631 211 2690; x_wconf 90' lang='lat' dir='ltr'>Nam</span> <span class='ocrx_word' id='word_1_115' title='bbox 229 2628 349 2710; x_wconf 91' lang='lat' dir='ltr'>prodest</span> <span class='ocrx_word' id='word_1_116' title='bbox 364 2628 467 2710; x_wconf 87' lang='lat' dir='ltr'>rapido</span> <span class='ocrx_word' id='word_1_117' title='bbox 482 2630 557 2690; x_wconf 87' lang='lat' dir='ltr'>iorte</span> <span class='ocrx_word' id='word_1_118' title='bbox 571 2629 696 2710; x_wconf 82' lang='lat' dir='ltr'>ligamen</span> <span class='ocrx_word' id='word_1_119' title='bbox 709 2648 800 2710; x_wconf 91' lang='lat' dir='ltr'>equo.</span> 
     </span>
     <span class='ocr_line' id='line_1_22' title="bbox 92 2726 854 2808; baseline 0.001 -21"><span class='ocrx_word' id='word_1_120' title='bbox 92 2727 311 2807; x_wconf 88' lang='lat' dir='ltr'>Luxuriamque</span> <span class='ocrx_word' id='word_1_121' title='bbox 322 2726 412 2805; x_wconf 86' lang='lat' dir='ltr'>magis</span> <span class='ocrx_word' id='word_1_122' title='bbox 426 2726 534 2788; x_wconf 90' lang='lat' dir='ltr'>lacerat</span> <span class='ocrx_word' id='word_1_123' title='bbox 548 2726 706 2789; x_wconf 88' lang='lat' dir='ltr'>mulcendo</span> <span class='ocrx_word' id='word_1_124' title='bbox 720 2727 854 2808; x_wconf 82' lang='lat' dir='ltr'>voluptas</span> 
     </span>
     <span class='ocr_line' id='line_1_23' title="bbox 134 2823 828 2905; baseline 0 -20"><span class='ocrx_word' id='word_1_125' title='bbox 134 2823 262 2905; x_wconf 86' lang='lat' dir='ltr'>Plusque</span> <span class='ocrx_word' id='word_1_126' title='bbox 277 2823 344 2884; x_wconf 91' lang='lat' dir='ltr'>cibo</span> <span class='ocrx_word' id='word_1_127' title='bbox 358 2823 461 2904; x_wconf 85' lang='lat' dir='ltr'>sapido</span> <span class='ocrx_word' id='word_1_128' title='bbox 476 2824 603 2904; x_wconf 89' lang='lat' dir='ltr'>piscibus</span> <span class='ocrx_word' id='word_1_129' title='bbox 618 2823 720 2886; x_wconf 85' lang='lat' dir='ltr'>bamus</span> <span class='ocrx_word' id='word_1_130' title='bbox 734 2824 828 2886; x_wconf 92' lang='lat' dir='ltr'>obest.</span> 
     </span>
    </p>

    <p class='ocr_par' dir='ltr' id='par_1_12' title="bbox 92 2920 813 3298">
     <span class='ocr_line' id='line_1_24' title="bbox 93 2920 813 3003; baseline -0.001 -19"><span class='ocrx_word' id='word_1_131' title='bbox 93 2923 206 2984; x_wconf 87' lang='lat' dir='ltr'>Blanda</span> <span class='ocrx_word' id='word_1_132' title='bbox 219 2924 321 2984; x_wconf 87' lang='lat' dir='ltr'>Venus</span> <span class='ocrx_word' id='word_1_133' title='bbox 334 2920 399 2983; x_wconf 89' lang='lat' dir='ltr'>diro</span> <span class='ocrx_word' id='word_1_134' title='bbox 413 2922 578 3003; x_wconf 80' lang='lat' dir='ltr'>praecordia</span> <span class='ocrx_word' id='word_1_135' title='bbox 591 2922 649 2983; x_wconf 87' lang='lat' dir='ltr'>line</span> <span class='ocrx_word' id='word_1_136' title='bbox 664 2922 813 2984; x_wconf 88' lang='lat' dir='ltr'>remordet</span> 
     </span>
     <span class='ocr_line' id='line_1_25' title="bbox 134 3019 780 3099; baseline -0.003 -16"><span class='ocrx_word' id='word_1_137' title='bbox 134 3024 171 3083; x_wconf 88' lang='lat' dir='ltr'>Et</span> <span class='ocrx_word' id='word_1_138' title='bbox 185 3020 288 3082; x_wconf 85' lang='lat' dir='ltr'>Sirena</span> <span class='ocrx_word' id='word_1_139' title='bbox 301 3037 412 3081; x_wconf 88' lang='lat' dir='ltr'>canens</span> <span class='ocrx_word' id='word_1_140' title='bbox 426 3019 557 3080; x_wconf 87' lang='lat' dir='ltr'>membra</span> <span class='ocrx_word' id='word_1_141' title='bbox 570 3020 670 3099; x_wconf 87' lang='lat' dir='ltr'>quiete</span> <span class='ocrx_word' id='word_1_142' title='bbox 685 3032 780 3081; x_wconf 82' lang='lat' dir='ltr'>necat.</span> 
     </span>
     <span class='ocr_line' id='line_1_26' title="bbox 92 3117 806 3198; baseline -0.001 -18"><span class='ocrx_word' id='word_1_143' title='bbox 92 3118 240 3180; x_wconf 87' lang='lat' dir='ltr'>innumeri</span> <span class='ocrx_word' id='word_1_144' title='bbox 256 3117 384 3179; x_wconf 89' lang='lat' dir='ltr'>lacerant</span> <span class='ocrx_word' id='word_1_145' title='bbox 398 3117 532 3178; x_wconf 87' lang='lat' dir='ltr'>loetentia</span> <span class='ocrx_word' id='word_1_146' title='bbox 544 3135 670 3198; x_wconf 89' lang='lat' dir='ltr'>corpora</span> <span class='ocrx_word' id='word_1_147' title='bbox 683 3134 806 3191; x_wconf 80' lang='lat' dir='ltr'>vermes,</span> 
     </span>
     <span class='ocr_line' id='line_1_27' title="bbox 132 3214 715 3298; baseline 0 -20"><span class='ocrx_word' id='word_1_148' title='bbox 132 3219 304 3279; x_wconf 82' lang='lat' dir='ltr'>innumeras</span> <span class='ocrx_word' id='word_1_149' title='bbox 318 3233 424 3298; x_wconf 87' lang='lat' dir='ltr'>poenas</span> <span class='ocrx_word' id='word_1_150' title='bbox 437 3214 603 3277; x_wconf 84' lang='lat' dir='ltr'>luxuriosus</span> <span class='ocrx_word' id='word_1_151' title='bbox 617 3215 715 3278; x_wconf 83' lang='lat' dir='ltr'>habet</span> 
     </span>
    </p>
   </div>
   <div class='ocr_carea' id='block_1_3' title="bbox 90 3417 946 3646">
    <p class='ocr_par' dir='ltr' id='par_1_13' title="bbox 90 3417 946 3646">
     <span class='ocr_line' id='line_1_28' title="bbox 137 3417 946 3485; baseline 0 -16"><span class='ocrx_word' id='word_1_152' title='bbox 137 3420 337 3485; x_wconf 57' lang='lat' dir='ltr'>(arduinum</span> <span class='ocrx_word' id='word_1_153' title='bbox 365 3418 570 3484; x_wconf 57' lang='lat' dir='ltr'>(ardregentc</span> <span class='ocrx_word' id='word_1_154' title='bbox 604 3417 802 3483; x_wconf 66' lang='lat' dir='ltr'>(rualequusc</span> <span class='ocrx_word' id='word_1_155' title='bbox 827 3417 946 3484; x_wconf 55' lang='grc' dir='ltr'>(πιθα)</span> 
     </span>
     <span class='ocr_line' id='line_1_29' title="bbox 92 3498 939 3566; baseline -0.006 -14"><span class='ocrx_word' id='word_1_156' title='bbox 92 3503 162 3553; x_wconf 85' lang='lat' dir='ltr'>rosio</span> <span class='ocrx_word' id='word_1_157' title='bbox 179 3502 209 3552; x_wconf 88' lang='lat' dir='ltr'>C.</span> <span class='ocrx_word' id='word_1_158' title='bbox 243 3500 450 3566; x_wconf 72' lang='lat' dir='ltr'>(arolsslindac</span> <span class='ocrx_word' id='word_1_159' title='bbox 485 3498 819 3565; x_wconf 65' lang='lat' dir='ltr'>(riniacerartedentiac.</span> <span class='ocrx_word' id='word_1_160' title='bbox 856 3500 939 3559; x_wconf 78' lang='lat' dir='ltr'>V.23r</span> 
     </span>
     <span class='ocr_line' id='line_1_30' title="bbox 90 3578 910 3646; baseline -0.004 -12"><span class='ocrx_word' id='word_1_161' title='bbox 90 3579 671 3646; x_wconf 55' lang='lat' dir='ltr'>clareaniecorrdnutrsoordinelegebanbrr.</span> <span class='ocrx_word' id='word_1_162' title='bbox 704 3578 910 3645; x_wconf 69' lang='lat' dir='ltr'>(ettlpeunss</span> 
     </span>
    </p>
   </div>
   <div class='ocr_carea' id='block_1_4' title="bbox 144 3698 838 3759">
    <p class='ocr_par' dir='ltr' id='par_1_14' title="bbox 144 3698 838 3759">
     <span class='ocr_line' id='line_1_31' title="bbox 144 3698 838 3759; baseline -0.007 -10"><span class='ocrx_word' id='word_1_163' title='bbox 144 3701 443 3759; x_wconf 60' lang='grc' dir='ltr'>ιωιιηομοιεορηιι</span> <span class='ocrx_word' id='word_1_164' title='bbox 810 3698 838 3734; x_wconf 81' lang='lat'>³1</span> 
     </span>
    </p>
   </div>
   <div class='ocr_carea' id='block_1_5' title="bbox 0 0 1426 4680">
    <p class='ocr_par' dir='ltr' id='par_1_15' title="bbox 0 0 1426 4680">
     <span class='ocr_line' id='line_1_32' title="bbox 0 0 1426 4680; baseline 0 0"><span class='ocrx_word' id='word_1_165' title='bbox 0 0 1426 4680; x_wconf 95' lang='lat' dir='ltr'> </span> 
     </span>
    </p>
   </div>
  </div>
 </body>
</html>
