2820 4680
490 580 540 646 ¹45

84 732 204 830 cipere
230 751 267 807 et
292 733 411 830 egenis
438 735 531 830 larga
555 733 736 807 subvenire
760 758 871 824 manu,
890 760 934 807 ne

84 847 219 946 pietatis
245 865 281 922 et
307 848 531 924 miserationis
565 849 727 946 ingenitae
754 873 860 925 exuas
885 849 934 922 vi·

84 987 192 1055 scera,
212 964 316 1038 immo
333 988 411 1038 cum
429 980 549 1038 auctus
570 964 616 1039 sis
642 963 818 1061 dignitate,
838 964 934 1038 beni-

83 1079 212 1175 gnitate
231 1104 373 1178 quoque
390 1080 422 1153 in
442 1079 517 1154 dies
535 1079 668 1155 auctior
679 1080 750 1168 fias,
769 1097 805 1153 et
822 1079 854 1152 in
865 1081 935 1154 hoc

84 1213 152 1269 tam
179 1196 272 1288 loeto,
291 1212 358 1268 tam
389 1195 523 1286 festivo,
555 1213 622 1269 tam
649 1195 780 1269 celebri
810 1214 933 1271 ornatu
967 1232 976 1279 ς

85 1312 243 1410 hymnum
288 1313 378 1384 hunc
420 1311 588 1408 angelicae
631 1310 847 1385 exultationis
890 1336 934 1385 ex

86 1426 208 1499 nostris
258 1426 444 1500 visceribus
494 1425 747 1522 pronuntiatum
802 1425 931 1500 audire.

84 1545 307 1615 Artaxerxem
334 1566 450 1639 regem
480 1543 660 1614 Persarum
691 1541 845 1640 legimus,
875 1542 934 1638 qui

85 1682 153 1731 non
177 1656 284 1730 minus
302 1657 443 1754 putabat
457 1655 585 1753 regium
603 1672 639 1729 et
657 1658 838 1730 humanum
857 1681 935 1731 esse

85 1797 189 1870 parva
219 1772 366 1869 benigne
393 1790 428 1845 et
454 1790 614 1870 prompte
644 1771 806 1869 accipere
832 1796 934 1870 quam
952 1807 981 1843 ιο

85 1912 207 1985 magna
219 1887 314 1978 dare,
328 1886 568 1961 deambulandi
585 1887 693 1985 gratia
710 1887 934 1984 equitantem,

84 2028 161 2077 cum
198 2004 241 2077 illi
277 2005 383 2078 homo
417 2003 593 2077 vilissimus
626 2022 661 2077 et
699 2003 934 2101 pauperrimus

85 2120 219 2195 obviam
254 2119 363 2193 sactus
397 2136 490 2193 esset
523 2121 610 2214 (mos
644 2137 717 2192 erat
754 2121 934 2193 Persarum

85 2262 202 2335 regern
252 2261 330 2310 cum
374 2236 568 2310 muneribus
611 2235 769 2330 salutare)
808 2260 932 2334 aquam

85 2353 249 2426 ambabus
275 2352 428 2427 manibus
454 2377 474 2425 e
492 2351 595 2425 fluvio
612 2353 656 2425 ab
675 2351 733 2426 illo
751 2367 933 2450 acceptam
954 2387 978 2435 ις

86 2467 236 2542 iocunde
260 2467 455 2565 suscepisse
489 2491 544 2540 ac
565 2466 743 2541 subrisisse
770 2467 936 2564 prompti·

87 2581 309 2680 tudinemque
334 2581 445 2656 dantis
470 2583 707 2681 potiusquam
735 2581 937 2679 magnitudi-

87 2722 163 2772 nem
190 2698 259 2772 dati
287 2723 510 2788 mensurasse,
529 2722 607 2772 curn
634 2699 743 2771 nullus
760 2696 852 2772 adeo
871 2697 937 2771 ier-

86 2838 175 2904 reus,
193 2813 284 2889 adeo
293 2831 390 2889 extra
405 2839 444 2888 se
462 2813 593 2912 positus
610 2813 664 2903 sit,
683 2812 719 2886 ut
732 2837 801 2888 non
819 2837 937 2888 move-

86 2946 159 3003 atur
192 2954 234 3004 ac
269 2955 337 3004 non
372 2955 417 3003 ex
451 2929 574 3003 intimis
607 2927 836 3026 omnipotenti
866 2926 937 3002 deo
952 2967 983 3002 ιο

84 3046 208 3143 gratias
234 3046 360 3121 reserat
381 3064 417 3120 et
439 3044 520 3118 illud
548 3043 744 3119 Daviticum
769 3060 842 3119 tota
858 3067 936 3119 cum

84 3161 307 3238 admiratione
334 3161 547 3259 pronuntiet:
577 3164 693 3263 Quam
721 3160 938 3258 magnificata

85 3294 161 3352 sunt
185 3302 294 3376 opera
320 3293 387 3368 tua,
413 3275 570 3353 domine!
603 3278 695 3351 Haec
720 3275 807 3366 dies,
833 3300 936 3375 quam

132 3542 180 3605 (ιθ.
201 3543 239 3605 19)
254 3541 341 3591 iereus
357 3541 387 3592 0

139 3661 200 3704 lacre
214 3660 324 3716 Nngrroloe
337 3661 412 3719 Opem.
427 3662 452 3705 11.
