2820 4680
850 544 910 620 ‘446

451 715 482 787 in
501 716 570 788 hoc
588 732 723 812 tempus
741 712 821 785 mihi
840 713 977 786 differre
992 713 1096 787 visum
1111 728 1176 795 est,
1190 711 1237 784 de
1251 712 1304 785 his

448 829 607 904 omnibus
625 847 659 904 te
684 829 999 917 commonefacere,
1026 853 1119 927 quoe,
1139 844 1176 902 ut
1193 827 1303 925 potui,

448 945 637 1019 summatim
662 962 766 1018 nocte
789 944 993 1043 intempesta
1014 968 1057 1018 ac
1075 943 1224 1017 breviter
1248 968 1304 1017 se

449 1060 656 1161 cretiusque,
676 1086 719 1134 ne
736 1058 880 1133 consilia
898 1076 1012 1133 nostra
1021 1058 1244 1158 aperirentur,
1259 1058 1303 1132 ad

422 1210 432 1259 ς
449 1192 494 1266 te,
514 1193 550 1249 ut
568 1175 663 1250 iuves
679 1175 825 1249 consilio
843 1190 880 1248 et
896 1174 1101 1249 auctoritate
1132 1191 1200 1263 tua,
1218 1173 1303 1247 scri-

449 1289 563 1365 benda
580 1291 704 1388 putavi.
735 1290 885 1363 Primum
914 1289 1014 1387 igitur
1038 1315 1125 1387 rogo
1151 1314 1215 1386 pro
1246 1306 1304 1362 tua

448 1403 1303 1504 mansuetudineatquehumanitate,suscipiashoc

450 1521 635 1619 negotium,
663 1523 731 1594 hoc
749 1537 802 1595 est
820 1545 920 1619 quam
940 1520 1120 1594 celerrime
1145 1520 1229 1593 velis
1247 1522 1302 1593 vel

449 1663 511 1737 per
528 1655 563 1711 te
580 1655 638 1712 aut
664 1662 726 1736 per
751 1636 971 1733 interpretem
1002 1635 1091 1709 scire
1109 1636 1153 1709 ab
1170 1635 1303 1710 accolis

406 1788 436 1825 to
448 1753 522 1827 eius
540 1753 608 1827 loci
626 1778 669 1827 ac
690 1776 919 1849 cognoscere,
946 1751 1084 1849 quinam
1110 1750 1176 1824 sint
1203 1751 1303 1824 huius

449 1869 539 1943 urbis
569 1869 675 1960 cives,
705 1869 749 1943 ad
781 1892 870 1966 quos
887 1867 1008 1941 attinet
1027 1867 1077 1940 ius
1102 1883 1303 1965 patronatus

449 1985 643 2059 monasterii
658 1984 773 2059 Sancti
788 1983 946 2058 iohannis
965 1982 1191 2081 Evangelistae
1204 1999 1304 2057 extra

449 2118 581 2198 portam
608 2100 764 2189 civitatis,
792 2124 871 2197 quae
897 2116 933 2172 ut
958 2098 1103 2173 arbitror
1129 2097 1240 2172 tendit
1257 2097 1303 2172 ad

448 2241 542 2290 oram
571 2217 781 2305 maritimam,
805 2215 840 2289 id
857 2231 910 2289 est
937 2216 1034 2289 Pisas
1058 2238 1193 2301 versus;
1212 2239 1303 2288 aveo

407 2370 431 2418 ις
448 2332 539 2405 enim
557 2333 619 2406 abs
637 2350 672 2406 te
690 2331 762 2405 fieri
780 2331 918 2419 certior,
937 2355 1086 2429 quonam
1102 2330 1208 2405 modo
1223 2333 1303 2405 haec

448 2474 486 2522 se
505 2474 560 2522 res
577 2448 703 2522 habeat
720 2465 756 2522 et
769 2473 840 2546 quo
858 2447 891 2520 in
905 2449 987 2522 loco
1007 2447 1072 2521 sita
1093 2446 1144 2520 sit
1181 2449 1303 2546 ltaque

449 2580 591 2662 propter
621 2580 769 2637 mutuam
802 2561 1089 2637 necessitudinem
1117 2587 1302 2662 meamque

449 2679 481 2752 in
500 2695 535 2753 te
552 2679 802 2754 observantiam
821 2679 1070 2778 quamprimum
1092 2677 1246 2768 scribito,
1267 2697 1303 2752 ut

449 2795 629 2885 instituisti,
648 2795 705 2868 ubi
723 2795 787 2869 erit
805 2795 860 2868 cui
879 2795 923 2869 ad
941 2819 1005 2868 nos
1031 2809 1127 2867 recte
1153 2809 1302 2893 tutoque

404 2948 435 2984 to
448 2912 576 2985 litteras
585 2910 659 3000 deS,
679 2927 715 2984 ut
728 2912 872 2985 habeam
892 2910 1058 2984 rationem
1072 2926 1108 2983 et
1124 2908 1186 2983 otii
1200 2909 1300 2983 simul

447 3044 483 3100 et
502 3026 630 3125 negotii
648 3025 707 3115 tui,
726 3052 841 3125 neque
859 3044 893 3099 te
908 3026 1006 3099 huius
1020 3024 1145 3098 laboris
1158 3024 1299 3099 taedear.

449 3145 532 3215 Non
571 3144 695 3241 loquor
729 3142 775 3216 de
806 3141 1013 3216 monasterio
1046 3139 1300 3214 Rhodiensium

448 3260 616 3349 Fratrum,
626 3256 723 3358 quod
740 3273 794 3331 est
810 3282 904 3347 sane,
920 3282 963 3330 ne
976 3257 1022 3330 sis
1036 3255 1183 3347 nescius,
1194 3257 1300 3354 longe

494 3441 613 3505 (mquam
622 3443 653 3493 C.
676 3441 710 3505 (3)
720 3443 835 3492 sumatinr
851 3444 877 3492 ἃ
906 3443 940 3506 (7)
957 3443 1082 3504 suspicias
1098 3442 1128 3492 G
1152 3443 1202 3506 (14)
1219 3445 1299 3506 aveo]

446 3524 543 3574 amoc.
562 3522 612 3586 (19)
629 3523 739 3572 istituisti
755 3523 785 3572 C.
801 3521 850 3585 (ιο)
863 3523 900 3571 uti
909 3523 932 3571 h.
945 3522 975 3572 G
994 3521 1298 3586 (22JThodinensiumG
