2814 5116
578 1347 615 1418 11.

413 1617 542 1680 (Verona,
558 1631 581 1666 ι.
596 1617 777 1680 1436-143⁸?)

168 1865 331 1934 Zenevera
355 1886 378 1933 a
403 1857 578 1958 Nogarolis
594 1855 832 1956 sapientissimo
848 1864 946 1954 atque
962 1881 1022 1930 ex-

168 1974 390 2050 cellentissimo
390 1971 495 2074 fratri
509 1972 650 2047 Iohanni
656 1971 814 2071 Pupiensi
819 1997 925 2044 sacrae
933 1971 1021 2046 tineo-

241 2090 336 2190 logioe
352 2089 501 2188 mugz‘siro
517 2089 653 2163 salutem
675 2086 848 2187 plurimam
866 2085 949 2161 dicit.
1054 2109 1064 2162 t

307 2444 309 2448 Α
346 2382 401 2430 nsi
420 2356 501 2430 satis
518 2373 630 2447 antea,
648 2353 890 2430 humanissime
912 2370 1020 2452 pater,

372 2472 539 2546 Martinus
557 2471 826 2546 modestissimus
856 2487 891 2544 et
908 2469 1023 2545 erudi-

370 2587 516 2662 tissimus
542 2603 741 2685 praeceptor
765 2612 861 2661 meus
886 2586 932 2661 de
961 2604 1022 2662 tuo

167 2731 250 2803 erga
267 2731 322 2779 me
339 2728 457 2779 amore
474 2728 591 2777 coram
611 2728 678 2777 non
697 2729 804 2801 parvo
828 2701 942 2777 studio
959 2701 1022 2778 de-

167 2822 364 2909 claraverat,
391 2818 607 2893 nihilominus
640 2835 709 2894 tuae
743 2819 823 2892 mihi
855 2818 1021 2917 proximae
1037 2850 1067 2886 ιο

167 2934 290 3009 litterae
307 2934 453 3009 redditae
471 2952 598 3009 tantum
619 2992 626 3007 .
647 2992 655 3007 .
675 2992 683 3007 .

215 3165 354 3227 Epistulam
372 3165 395 3213 in
410 3165 459 3214 tine
476 3166 587 3215 mutilum
605 3165 737 3216 indictum
750 3165 784 3214 sb
795 3164 924 3214 Andresio
935 3162 1021 3227 (cm-

168 3245 228 3306 iogo
252 3243 294 3292 de'
322 3243 414 3293 Codici
436 3245 591 3294 manuscritti
615 3244 682 3294 della
708 3244 826 3308 Fumiglis
851 3244 969 3307 Cupilupi
994 3243 1020 3293 di

170 3325 291 3373 Mantova
308 3324 433 3373 illustrato
446 3324 496 3374 dni'
513 3326 589 3374 sbste
606 3327 666 3374 Don
684 3325 809 3375 Giovsnni
828 3324 937 3374 Andres.
949 3325 1020 3373 Man·

167 3411 227 3451 tous
250 3404 319 3466 1797)
344 3417 360 3452 e
385 3404 477 3453 codice
494 3418 567 3453 manu
590 3405 689 3468 scripto
705 3418 764 3454 soec.
786 3405 843 3453 XV.
876 3405 899 3453 in
928 3405 1020 3455 biblio-

167 3483 243 3532 theca
251 3484 427 3533 Marcnionum
437 3485 555 3548 Cupiiupi
566 3487 678 3534 Mantua
686 3493 818 3535 usservsto
829 3493 855 3535 et
867 3500 904 3535 nr.
918 3485 1017 3535 ΧΧΙΧ.

167 3562 266 3625 signato
279 3563 395 3612 officiose
412 3564 549 3627 descripsit
565 3565 710 3627 Stephanus
727 3565 829 3614 stsri.
