2820 4680
843 605 900 664 22⁶

444 776 562 851 rimam
597 773 713 849 babeo
742 773 822 848 buic
853 775 935 848 loco
964 772 1117 870 huicque
1146 772 1297 846 sermoni

442 891 596 989 gratiam,
622 889 682 988 qui
707 913 785 963 eam
812 888 913 962 nobis
930 886 1105 962 materiam
1123 886 1298 975 obtulerit,

442 1031 546 1106 quarn
571 1029 594 1079 a
618 1003 791 1102 theologis
815 1005 871 1078 vel
895 1020 1041 1102 anguste
1066 1003 1119 1077 vel
1150 1003 1299 1077 confuse

445 1121 544 1196 nimis
568 1137 747 1195 tractatam
773 1144 794 1193 a
819 1120 997 1194 mulierum
1023 1118 1126 1193 etiam
1145 1119 1300 1218 patronis

418 1240 498 1319 ivel
515 1263 536 1312 a
553 1237 695 1312 muliare
708 1235 782 1334 ipsa
794 1234 980 1334 aliquando
993 1234 1158 1334 explicari
1172 1233 1299 1308 iamdiu

443 1354 570 1452 optavi.
590 1355 707 1454 Quam
725 1367 840 1426 autem
857 1376 901 1425 ex
919 1351 1095 1425 mulierum
1113 1349 1237 1424 ordine
1253 1348 1299 1424 ad

444 1471 515 1545 hoc
545 1492 666 1542 munus
694 1483 730 1542 te
759 1465 940 1566 aptiorem,
971 1469 1073 1556 lsota,
1104 1465 1300 1564 reperiam?

445 1584 686 1685 Quamobrem
712 1580 793 1655 dum
817 1597 853 1655 at
870 1580 1024 1656 meridiei
1042 1581 1158 1656 ocium
1176 1598 1212 1655 et
1229 1581 1299 1654 loci

444 1697 629 1773 amoenitas
654 1696 782 1786 invitat,
808 1696 878 1786 dic,
903 1721 981 1795 age,
1008 1711 1044 1770 ut
1069 1696 1243 1770 emissaria
1264 1697 1298 1768 in

402 1846 433 1884 ιο
445 1815 516 1888 hoc
540 1812 740 1901 certamine,
767 1811 893 1909 quibus
919 1811 1046 1885 iuribus
1063 1811 1171 1909 magis
1187 1810 1298 1885 Adam

445 1950 549 2028 quam
575 1929 679 2002 Evam
700 1925 934 2000 accusandum
953 1931 1122 2001 censeas?
1139 1929 1227 2026 Ipse,
1247 1944 1301 2000 ut-

445 2068 597 2142 cumque
623 2058 759 2142 potero,
777 2043 887 2116 Adam
913 2068 982 2117 non
1000 2043 1170 2132 deseram,
1189 2042 1299 2117 idem-

444 2184 515 2258 que
541 2159 708 2232 iacturum
742 2157 885 2232 confido
920 2159 1197 2234 Protonotarium
1236 2159 1298 2232 tibi

444 2298 528 2348 sane
552 2273 689 2372 generis
710 2273 978 2373 propinquitate,
997 2275 1077 2348 mihi
1095 2300 1178 2350 vero
1194 2300 1299 2349 sexus

402 2388 624 2474 15nobilitate
653 2389 885 2463 coniunctum.
927 2393 997 2464 lso.
1024 2391 1161 2465 Maiora
1190 2415 1211 2465 a
1241 2416 1298 2465 me

445 2503 565 2603 exigis,
594 2528 698 2603 quam
725 2529 807 2601 quaa
832 2520 954 2579 contra
980 2505 1182 2581 fortissimos
1206 2507 1298 2582 viros

445 2618 583 2693 inermis
607 2618 752 2694 foemina
776 2636 941 2718 praestare
958 2619 1076 2718 possit.
1101 2620 1229 2695 Dicam
1247 2637 1298 2694 ta-

445 2759 525 2810 men
550 2759 632 2833 quaa
660 2758 682 2808 a
710 2759 767 2809 me
783 2734 970 2833 aliquando
998 2736 1197 2834 excogitata
1226 2762 1296 2810 non

445 2849 589 2940 inficior,
604 2873 670 2924 nec
686 2849 732 2924 ad
749 2850 978 2948 quaestionum
995 2852 1153 2950 argutias,
1171 2852 1234 2926 sed
1251 2852 1296 2926 ad

400 3001 432 3039 ιο
445 2964 595 3041 ueritatis
607 2965 825 3040 statuendum
844 2966 1006 3041 iudicium
1024 2984 1151 3066 parata
1172 2970 1296 3069 Quan-

445 3105 548 3178 quam
570 3080 698 3155 ordinis
713 3082 860 3180 aequitas
878 3084 1037 3180 postulat,
1057 3099 1093 3156 ut
1109 3098 1156 3173 tu,
1174 3083 1233 3181 qui
1251 3084 1295 3158 ad

444 3195 689 3282 accusandum,
716 3195 829 3286 frater,
857 3198 1026 3296 proruisti,
1052 3197 1167 3297 priore
1192 3200 1295 3273 etiam

444 3311 527 3384 loco
552 3309 672 3385 dicere
696 3311 850 3410 incipias.
877 3312 1062 3386 Subiiciam
1087 3312 1215 3387 deinde
1239 3318 1295 3389 vel

444 3423 636 3499 refellendo
664 3428 719 3499 vel
751 3426 955 3517 enarrando,
981 3430 1295 3528 quantulacumque

402 3575 429 3621 η
444 3540 570 3639 ingenii
578 3564 622 3615 ac
631 3542 808 3617 memoriae
820 3542 871 3618 vis
879 3542 1006 3643 exigua
1017 3545 1293 3621 subministrabit
