2820 4680
656 546 712 634 nb

254 743 310 816 lixi
330 741 475 833 radices,
494 742 590 841 quod
616 745 706 818 nulla
728 761 785 818 tua
810 743 996 835 oblivione,
1017 747 1107 818 nulla

254 857 372 932 iniuria
381 857 579 932 labefactari
591 858 879 957 poterunt‚patiar
889 858 1007 956 quoad
1017 885 1106 934 meae

253 973 376 1048 mentis
394 972 621 1072 integritatem
640 974 824 1073 percipies,
844 973 925 1072 quia
947 977 1025 1050 haec
1041 975 1106 1049 erit

251 1089 361 1188 gloria
379 1113 467 1179 mea,
487 1106 523 1163 ut
541 1115 596 1164 me
614 1089 801 1189 aliquando
825 1115 1030 1189 cognoscas.
1064 1093 1105 1164 Et

226 1221 349 1285 scerte
365 1205 452 1295 scio,
479 1205 574 1302 quod
601 1205 731 1304 ingrata
756 1205 909 1304 piissimi,
936 1206 1105 1282 honestis·

251 1321 326 1397 simi
343 1338 380 1395 et
398 1321 555 1419 perpetui
575 1322 640 1396 mei
660 1322 692 1395 in
720 1339 754 1397 te
779 1323 904 1398 amoris
929 1348 1009 1398 esse
1035 1349 1103 1398 non

252 1438 392 1536 poteris,
411 1463 491 1536 quae
505 1438 537 1511 in
551 1438 638 1513 alios
651 1464 715 1537 pro
729 1439 866 1513 minima
878 1438 1027 1537 quadam
1042 1442 1104 1514 be-

252 1554 448 1630 nivolentiae
491 1553 753 1652 significatione,
789 1571 918 1630 naturae
948 1554 1103 1629 bonitate

251 1669 536 1744 sanctissimarum
554 1669 767 1744 oblationum
791 1686 921 1744 tuarum
939 1669 1104 1745 liberalis·

208 1816 238 1853 ιο
251 1785 337 1860 sima
353 1810 431 1859 esse
449 1784 667 1859 consuevisti.
696 1784 807 1886 Quod
824 1786 906 1860 volo
922 1803 987 1876 est,
1007 1804 1042 1860 ut
1058 1786 1103 1861 si·

251 1900 320 1976 cuti
338 1926 407 1999 ego
434 1918 491 1975 tua
517 1901 683 2000 religione
709 1901 855 1975 maxime
881 1901 1034 1993 confido,
1053 1903 1107 1977 sic'

251 2017 413 2115 precibus
439 2042 507 2091 non
538 2017 731 2115 vulgaribus
762 2043 818 2092 me
843 2016 994 2109 adiuves,
1022 2018 1103 2116 quia

250 2131 343 2230 apud
363 2131 622 2207 iurisconsultos
649 2150 785 2208 nostros
807 2157 862 2206 me
885 2133 1008 2230 legisse
1030 2159 1102 2208 me·

251 2247 342 2337 mini,
356 2273 437 2345 quae
454 2247 612 2345 singulari
633 2264 714 2323 nota
731 2247 836 2346 digna
854 2265 942 2338 sunt,
957 2248 1018 2323 nisi
1035 2249 1103 2324 sin-

208 2396 233 2443 ις
249 2363 412 2462 gulariter
430 2380 600 2453 notentur,
610 2363 769 2438 videntur
785 2388 863 2438 esse
881 2367 1050 2462 neglecta.

296 2576 330 2641 (ι)
351 2577 413 2626 llxes
436 2576 466 2625 C.
508 2575 542 2640 (3)
566 2576 693 2640 percipiet
710 2576 740 2626 C.
782 2575 815 2637 (7.
833 2578 858 2639 8)
883 2577 1056 2627 benivolentia
1070 2576 1100 2626 C.

250 2657 284 2721 (9)
301 2657 514 2707 sanctissimorum
532 2657 561 2707 C.
596 2656 646 2720 (13)
662 2665 725 2719 aput
741 2656 772 2707 C.
