2820 4680
792 587 846 646 ¹40

389 741 581 839 integritate
606 759 712 839 atque
734 742 859 838 linguae
884 742 1055 838 elegantia
1085 741 1163 814 nihil
1187 758 1239 815 est

388 855 522 954 dignius
548 857 579 930 in
607 860 708 931 rebus
735 857 899 947 humanis,
927 857 1005 930 nihil
1025 857 1141 946 maius,
1159 857 1238 931 nihil

389 971 546 1062 nobilius,
574 972 652 1045 nihil
680 974 918 1071 praestantius?
945 976 1066 1074 Quare
1092 976 1161 1047 hoc
1179 973 1238 1046 tibi

389 1089 555 1185 profiteor
580 1106 685 1185 atque
712 1089 891 1186 polliceor,
915 1089 1010 1186 quod
1036 1091 1140 1187 paulo
1161 1105 1240 1163 ante

363 1202 470 1296 ,dixi
497 1203 613 1300 quoad
632 1204 760 1293 vixero,
781 1230 845 1302 pro
863 1229 940 1279 mea
958 1204 1039 1277 virili
1059 1204 1115 1277 ubi
1133 1204 1241 1278 adero

389 1336 425 1393 et
435 1320 572 1417 publice
587 1337 622 1392 et
632 1320 797 1417 privatim,
809 1320 1101 1418 quemadmodum
1112 1320 1239 1411 debeo,

391 1435 462 1509 iure
486 1436 621 1532 optimo
644 1436 799 1510 invitatus
829 1454 887 1510 tua
903 1437 1043 1535 egregia
1061 1438 1241 1534 praeclara-

390 1576 460 1648 que
473 1551 594 1625 virtute
609 1569 699 1626 tuam
715 1552 836 1626 lamam
851 1570 887 1626 et
897 1551 1094 1648 dignitatem
1107 1554 1239 1627 tuebor.

392 1668 522 1763 Neque
539 1667 642 1757 enim,
661 1693 739 1743 mea
756 1671 871 1756 lsotta,
891 1668 1053 1765 quoniam
1072 1668 1190 1742 mirum
1209 1668 1242 1740 in

349 1823 378 1860 ιο
392 1783 531 1857 modum
558 1783 602 1857 ad
629 1800 663 1856 te
690 1800 850 1881 tanquam
873 1783 917 1857 ad
935 1808 1087 1858 amorem
1105 1801 1141 1857 et
1158 1782 1243 1857 deli-

392 1896 463 1972 cias
491 1898 627 1996 generis
653 1899 788 1972 humani
827 1899 974 1972 animum
1000 1898 1125 1986 adieci,
1152 1897 1242 1971 aliud

394 2012 597 2086 inlaturum
625 2013 741 2087 lacere
768 2031 904 2111 potero,
933 2014 993 2088 nisi
1011 2016 1113 2112 plena
1131 2038 1242 2101 manu,

395 2145 430 2202 ut
455 2128 640 2203 Ciceronis
666 2129 779 2203 verbis
806 2146 889 2218 utar,
917 2128 977 2202 nisi
1005 2129 1163 2225 ingenue,
1182 2129 1243 2202 nisi

393 2259 524 2334 ornate,
552 2261 713 2340 quantum
737 2244 768 2317 in
788 2245 887 2318 nobis
904 2245 979 2332 erit,
998 2261 1072 2318 tuas
1089 2243 1245 2340 egregias

352 2401 376 2452 ις
394 2359 514 2433 laudes
539 2359 703 2447 dicende,
730 2360 917 2434 scribendo
943 2360 975 2432 in
1005 2378 1095 2433 astra
1112 2362 1242 2434 tollere.

395 2475 452 2550 Sic
468 2475 557 2549 enim
582 2477 755 2573 postulare
774 2475 906 2549 videtur
924 2475 1131 2550 incredibilis
1149 2500 1245 2548 meus

396 2591 428 2664 in
446 2609 481 2664 te
498 2615 595 2665 amor
611 2592 665 2664 vel
684 2589 825 2665 mirifica
838 2591 998 2686 quaedam
1016 2590 1242 2664 observantia.

396 2709 486 2781 Sane
501 2706 551 2781 his
565 2706 638 2779 lere
656 2705 789 2794 diebus,
810 2705 933 2804 quibus
949 2723 1147 2803 opportune
1160 2706 1246 2779 liber

396 2821 616 2920 epistolarum
644 2838 775 2894 tuarum
803 2821 883 2893 mihi
909 2823 1045 2895 oblatus
1071 2830 1135 2909 est,
1166 2844 1243 2895 cum

352 2979 383 3014 ιο
397 2937 429 3009 in
450 2961 583 3011 corona
599 2936 874 3011 doctissimorum
893 2953 929 3009 et
946 2936 1245 3033 eloquentissimo

396 3076 468 3126 rum
495 3053 668 3126 hominum
694 3053 854 3126 subortus
879 3051 925 3125 de
951 3068 985 3125 te
1011 3068 1104 3125 esset
1120 3075 1245 3138 sermo,

396 3166 719 3264 interloquendum,
736 3184 770 3239 ut
787 3191 883 3265 saepe
902 3165 973 3239 lieri
987 3167 1086 3255 solet,
1102 3165 1147 3238 ita
1160 3165 1245 3238 acri-

397 3281 513 3355 monia
537 3307 578 3357 ac
605 3282 822 3356 vehementia
847 3280 995 3380 quadam
1021 3279 1067 3353 de
1093 3279 1246 3353 maximis

397 3414 501 3496 atque
527 3397 740 3497 amplissimis
765 3397 830 3471 tuis
847 3397 1004 3472 laudibus
1020 3395 1139 3469 dicere
1157 3394 1246 3468 visus

354 3559 382 3612 ,ς
397 3536 470 3587 sum
513 3513 646 3587 cunctis
675 3512 733 3611 qui
767 3512 910 3587 aderant
938 3511 1166 3603 audientibus,
1211 3527 1246 3584 ut
