2820 4680
707 521 741 582 32

296 672 358 747 sed
391 673 494 747 etiam
529 673 609 770 ipsis
642 672 726 747 dare
751 673 841 748 visus
862 672 917 747 sis.
936 672 1038 747 Adde
1056 696 1146 770 prae·

295 792 420 863 claram
432 789 520 863 illam
534 813 577 862 ac
589 790 790 886 singularem
805 788 940 864 laudem
950 789 1145 887 aegloriam
1181 882 1186 887 Ι,

297 921 388 977 tuam
409 921 446 977 et
466 928 546 977 vere
569 921 659 977 tuam
687 903 778 1001 (quia
802 929 911 1001 genus
932 921 969 979 et
996 929 1147 1002 proavos

297 1035 332 1092 et
346 1043 426 1115 quae
444 1043 512 1093 non
527 1019 670 1093 fecimus
684 1019 759 1118 ipsi,
777 1020 831 1092 vix
848 1043 891 1093 ea
909 1037 1025 1094 nostra
1040 1019 1145 1112 voco)

256 1177 265 1218 ς
297 1158 460 1208 summam
474 1135 636 1208 videlicet
650 1136 784 1208 humani
799 1153 835 1209 et
849 1135 951 1208 divini
970 1136 1049 1210 iuris
1067 1159 1147 1234 pro·

297 1249 446 1324 dentiam
465 1274 508 1324 ac
524 1274 697 1324 sacrarum
715 1250 955 1348 scripturarum
974 1250 1146 1349 cognitio-

298 1390 386 1455 nem,
398 1362 564 1463 inquibus
577 1365 668 1441 adeo
682 1383 716 1440 te
730 1366 928 1463 flagrantem
943 1365 1145 1464 praedicant,

299 1472 484 1579 utvestigia
498 1483 583 1555 illius
596 1481 833 1578 sapientissimi
849 1481 1012 1579 principis
1025 1481 1153 1559 Theo-⁴

297 1598 384 1671 dosii
412 1598 529 1671 imitari
558 1597 694 1670 minime
721 1597 860 1671 dubium
878 1597 931 1686 sit,
950 1598 1007 1694 qui
1026 1596 1084 1673 die
1099 1596 1148 1672 de

257 1755 285 1791 10
297 1713 510 1787 subditorum
524 1713 670 1810 negotiis
684 1713 733 1786 ius
747 1712 900 1786 dicendo
917 1713 1146 1804 discernebat,

299 1846 403 1903 nocte
429 1853 513 1901 vero
534 1827 626 1902 libris
650 1827 693 1901 ad
721 1830 893 1901 lucernam
913 1828 1148 1919 incumbebat,
1173 1846 1180 1860 ·

298 1945 351 2016 vel
370 1945 462 2018 Galli
486 1944 581 2033 illius,
601 1945 658 2041 qui
678 1968 779 2040 paene
798 1943 882 2016 mori
900 1943 1080 2017 videbatur
1114 1943 1148 2018 in

298 2058 413 2133 studio
438 2058 637 2133 dimetiendi
664 2060 787 2132 caelum
814 2076 849 2132 et
875 2075 1010 2147 terram,
1042 2082 1147 2157 quem

298 2200 539 2273 saepenumero
564 2175 691 2273 aliquid
719 2191 823 2248 noctu
849 2174 1001 2249 scribere
1019 2174 1149 2273 ingres·

259 2317 371 2381 nsum
401 2315 534 2379 aurora,
565 2308 600 2364 et
630 2317 710 2380 nox,
740 2315 818 2364 cum
850 2315 950 2364 mane
967 2289 1151 2388 coepisset,

300 2407 481 2504 oppressit.
512 2410 596 2481 Hoc
627 2407 685 2481 tibi
717 2407 915 2496 ministrant,
946 2408 1016 2481 hoc
1032 2406 1151 2481 animo

300 2540 336 2596 et
354 2525 522 2619 praeclaro
540 2522 677 2620 ingenio
696 2539 756 2596 tuo
773 2522 861 2596 vires
878 2539 1075 2620 suggerunt.
1094 2521 1150 2596 Ad

300 2641 377 2712 haec
391 2663 470 2735 quae
484 2637 553 2711 dixi
569 2656 603 2713 te
617 2641 793 2713 hortantur
806 2638 925 2712 fideles
939 2637 984 2711 illi
1002 2637 1151 2714 comites

300 2754 346 2828 tui
385 2779 427 2829 ac
465 2754 657 2841 consiliarii,
696 2754 801 2828 libros
840 2754 988 2850 inquam,
1024 2752 1153 2849 quibus

257 2914 287 2948 ιο
300 2870 423 2945 domus
449 2887 506 2943 tuo
535 2886 674 2944 ornatur
703 2892 745 2941 ac
775 2868 946 2966 splendet,
981 2869 1152 2966 praeclam

347 3168 433 3230 (t)set
448 3169 475 3215 V.
510 3178 535 3218 et
551 3169 588 3218 M.
622 3166 737 3230 (ziclnre
752 3168 779 3214 V.
813 3168 880 3229 etgl.
898 3167 925 3213 V.
960 3163 1149 3227 (ovinum

301 3247 336 3310 (ς)
352 3247 484 3298 nodone
518 3248 553 3311 (6)
570 3256 712 3297 sanctarum
733 3248 761 3294 V.
779 3244 812 3307 (o.
831 3247 855 3309 7)
864 3244 1016 3308 cognicione
1036 3243 1065 3292 V.
1099 3242 1151 3309 (tt)

301 3328 345 3391 qui
365 3328 392 3375 V.
427 3325 477 3387 (η)
502 3335 579 3376 noctu
603 3339 649 3375 om.
676 3327 703 3374 V.
738 3323 787 3388 (1⁶)
812 3324 925 3387 opressit
949 3323 1003 3373 CV.
1039 3322 1101 3373 Hos
1119 3323 1148 3373 V.

302 3407 349 3469 (1⁶.
376 3407 414 3470 17)
440 3409 488 3457 nec
517 3407 601 3456 animo
626 3415 671 3456 tuo
695 3415 721 3455 et
746 3418 785 3467 pr.
809 3405 858 3468 ing.
883 3404 951 3454 vires
973 3401 1093 3468 fugerunt
1119 3402 1150 3453 V.

302 3488 351 3551 (19)
367 3489 422 3538 libri
437 3489 474 3538 Μ.
