2820 4680
185 1093 302 1168 Oratio
324 1092 471 1190 funebris
490 1109 556 1195 pro
581 1095 758 1170 clarissima
776 1096 907 1170 domina
925 1097 1034 1195 Elisa·

184 1210 278 1282 hetha
304 1209 346 1282 de
371 1211 546 1309 Nogarolis
571 1237 673 1284 uxore
698 1211 867 1286 clarissimi
881 1212 1035 1311 equestris

182 1324 302 1397 ordinis
326 1325 385 1398 viri
408 1325 532 1399 domini
545 1326 661 1400 iacobi
675 1326 718 1400 de
737 1327 867 1400 Thienis
883 1327 971 1400 edita
989 1328 1034 1401 ab

403 1441 591 1516 Omnibono
612 1441 811 1517 Leonicensi.

179 1856 475 2207 Qum
489 1879 623 1967 vellem,
635 1876 821 1952 clarissime
836 1894 965 1976 praetor
984 1878 1033 1951 in·
1064 1924 1074 1975 ς

374 1994 548 2093 signisque
563 1992 744 2091 praefecte‚
763 1993 1032 2091 praestantissimi

373 2110 433 2182 viri
448 2108 640 2207 optimique
658 2109 763 2199 cives,
783 2124 819 2182 ut
835 2126 871 2182 et
889 2107 1032 2183 mihidi·

179 2247 260 2297 cere
271 2243 307 2297 et
315 2225 412 2299 vobis
421 2222 540 2299 audire
551 2240 851 2322 vacaret,quantae
860 2224 1032 2322 sitampli-

179 2338 314 2429 tudinis,
333 2357 472 2437 quantae
489 2338 661 2427 claritatis,
671 2356 810 2437 quantae
824 2339 1031 2437 praestantiae

178 2453 286 2543 funus,
310 2453 405 2552 quod
432 2453 601 2529 hodierna
626 2453 683 2528 die
706 2456 882 2553 prosecuti
904 2479 1029 2529 sumus.
1047 2504 1076 2541 10

179 2568 414 2644 Ostenderem
437 2570 598 2668 proiecto
623 2570 732 2661 vobis,
751 2570 778 2645 si
801 2569 908 2644 modo
929 2570 1031 2645 tantis

177 2685 258 2757 mihi
284 2686 441 2760 laudibus
459 2711 520 2784 par
536 2685 648 2760 oratio
667 2685 806 2759 inveniri
824 2686 944 2788 possit,
963 2687 1030 2759 hac

177 2817 331 2875 matrona
348 2802 506 2899 primaria
519 2826 585 2875 nec
603 2800 875 2899 praestantiorem
893 2817 951 2875 aut
966 2825 1029 2899 ge-

177 2918 387 2991 nerosiorem
405 2919 545 2991 alteram
560 2917 661 2991 facile
676 2917 815 2991 inveniri
834 2941 950 3014 posse,
965 2940 1027 2991 seu

223 3148 289 3197 Hoec
305 3146 442 3197 Omniboni
460 3147 627 3196 beonicensis
643 3147 727 3196 ontio
744 3147 767 3195 in
784 3149 842 3196 solo
858 3147 951 3196 codice
968 3147 1027 3195 Vin·

175 3228 319 3277 dobonensi
344 3226 413 3288 (meo
437 3226 470 3290 C)
494 3241 531 3274 nr.
560 3239 620 3286 mo
643 3227 723 3276 chan.
750 3226 793 3274 fol.
819 3239 879 3276 sac.
898 3227 946 3274 XV
970 3226 1024 3291 (iol.

174 3307 309 3371 81a-85b)
326 3316 414 3356 extare
424 3306 534 3356 videtur.

221 3388 255 3450 (a)
274 3400 338 3436 uxor
353 3386 384 3436 C.
418 3387 453 3450 (ς)
469 3386 575 3435 Thiems
590 3384 628 3435 hic
643 3387 666 3434 ct
680 3384 745 3450 iigsm
762 3385 792 3446 C,
810 3397 867 3435 oon.
892 3383 1026 3435 sabbam

173 3467 198 3517 in
214 3466 293 3517 litteris
308 3466 343 3516 ad
365 3477 402 3515 me
419 3465 490 3515 datis.
523 3465 559 3529 (8)
581 3473 608 3513 et
623 3478 670 3514 om.
689 3465 720 3514 C.
754 3465 805 3528 (υ)
821 3478 860 3514 or.
878 3466 938 3513 mihi
954 3465 1023 3513 inve·

175 3548 220 3595 niri
238 3546 267 3595 C.
302 3548 351 3610 (14)
370 3546 482 3594 invenire
500 3545 530 3594 C.
