2820 4680
592 562 626 620 ¹4

181 716 271 788 batae
301 712 442 801 docent,
472 713 534 787 sed
561 714 683 788 nescio
699 714 825 811 quibus
849 714 950 811 pueril

179 829 407 928 captionibus,
442 829 730 904 inextricabilibus
767 831 950 905 circuitibu:

179 943 949 1043 scrupulosisambagibushuiuscedisciplinae

180 1085 249 1134 ram
263 1077 299 1133 et
315 1060 497 1134 dilucidam
515 1061 669 1135 semitam
687 1061 919 1135 obfuscarunt.
940 1063 950 1133 l

153 1194 215 1252 tut
234 1177 337 1248 multa
362 1176 450 1249 scire
475 1175 663 1264 videantur,
689 1177 804 1250 omnia
831 1176 931 1249 etiam

180 1291 315 1365 nissima
332 1291 414 1365 sutili
433 1292 580 1390 quadam
599 1292 784 1367 subtilitate
809 1317 950 1389 corrumj

179 1425 226 1496 et,
246 1424 280 1480 ut
299 1407 407 1505 inquit
423 1408 589 1496 comicus,
609 1407 735 1481 nodum
760 1409 791 1480 in
806 1408 950 1505 scirpoc

179 1539 264 1596 runt.
292 1526 518 1624 Quapropter
545 1524 597 1596 his
623 1523 874 1621 impedimentis
899 1521 950 1596 det

180 1657 354 1736 nequeunt
371 1638 416 1713 ad
434 1664 547 1713 veram
566 1656 601 1711 et
619 1638 761 1712 solidam
788 1639 938 1736 aspirare

137 1755 381 1852 1010sopniam‚
401 1754 433 1827 in
452 1779 520 1851 qua
536 1755 639 1828 etiam
657 1754 736 1827 dum
763 1755 853 1828 acuti
879 1753 950 1852 disp

179 1887 271 1943 tores
289 1870 394 1943 videri
409 1870 561 1968 cupiunt,
584 1871 758 1944 veritatem
775 1871 911 1943 nimium
929 1894 950 1943 a

179 1985 304 2069 cando,
341 2002 376 2058 ut
397 2002 494 2058 vetus
519 1985 686 2059 sententia
712 1985 807 2073 dicit,
834 1985 950 2058 amiser

179 2100 273 2173 Sicut
291 2100 380 2174 enim
399 2125 514 2174 cressa
531 2101 737 2198 negligentia
760 2100 913 2197 supinam
932 2099 950 2196 ἱ(

179 2216 319 2290 tantiam
336 2216 454 2315 gignit,
474 2216 519 2290 ita
536 2218 735 2314 scrupulosa
762 2215 933 2312 inquisitio

136 2366 161 2418 ις
177 2331 258 2405 satis
275 2333 486 2429 exploratam
505 2332 669 2404 rationem
685 2331 834 2404 invenire
852 2348 936 2429 pote

178 2447 210 2519 in
221 2447 292 2521 iure
300 2447 389 2521 civili
407 2448 609 2520 alabeonis
627 2447 795 2520 sententia
804 2447 924 2544 scriptt

177 2565 361 2660 eleganter.
380 2565 571 2660 Propterea
589 2581 624 2636 et
641 2564 782 2636 subtiles
800 2561 922 2661 quidar

177 2677 311 2776 losophi
338 2695 510 2775 acuteque
537 2678 749 2776 disputantes
775 2678 913 2752 existim

177 2817 252 2868 nam
270 2818 348 2868 curn
367 2818 429 2867 ens
446 2793 489 2866 sit
515 2793 560 2881 id,
579 2793 624 2867 de
650 2820 721 2892 quo
752 2819 843 2867 verre
869 2818 905 2868 sc

133 2946 163 2982 20
176 2908 408 2998 considerent,
429 2909 461 2982 lri
480 2935 563 2983 vero
588 2910 753 3008 sophistae
779 2908 825 2983 de
851 2935 896 2983 no

176 3025 396 3123 pertinaciter
416 3042 452 3099 et
469 3026 686 3100 contentiose
712 3028 888 3100 altercentt

175 3159 211 3215 et
236 3141 437 3215 Aristoteles
463 3166 524 3215 eos
551 3167 618 3214 non
645 3141 831 3239 disputare,
858 3167 880 3216 s·

222 3355 255 3417 (ι)
272 3357 385 3418 scurpul.
408 3356 435 3404 V.
470 3355 504 3418 (4)
515 3355 677 3405 dilucidatam
689 3356 717 3404 V.
736 3355 864 3405 offuscc

176 3437 234 3485 nisa.
245 3435 299 3485 CV.
319 3434 354 3499 (ό)
366 3434 499 3485 lutuliCV.
518 3435 677 3498 (7lsyrpoC,
687 3435 790 3497 sirpov.
810 3436 857 3498 (ιι.

175 3516 377 3579 (16chbe
391 3515 525 3578 (17)elleg.
536 3516 566 3565 C.
580 3515 630 3578 (22)
639 3516 783 3566 Aristotiles
792 3516 845 3566 CV.
