2814 5116
431 1324 628 1396 LXXXIV.

384 1525 538 1588 (Maris-ge?
553 1538 576 1572 ⁸·
593 1526 678 1587 κόψ’)

104 1711 201 1760 medei
215 1709 332 1773 poniifio's
350 1710 485 1760 Veronensis
501 1722 604 1760 semrom
620 1710 801 1760 admonitionem
818 1710 842 1759 in
857 1711 958 1774 populos
1040 1771 1042 1775 ι

375 1803 431 1840 suos
444 1789 509 1839 omni
523 1793 573 1840 arie
588 1790 682 1840 erie'iom

129 1961 310 2034 Lodoor'eos
324 1964 526 2034 Fosoorenos
548 1960 828 2034 Reverendissimo
845 1960 936 2034 Poin'
990 1986 1000 2039 5

154 2075 305 2150 Ermoioo
326 2077 475 2150 Borboro
496 2076 660 2175 Episcopo
687 2076 860 2149 Veronensi
873 2078 905 2149 S.

105 2323 353 2671 fflm
371 2351 445 2409 tuas
463 2334 635 2433 epistolas
657 2333 813 2431 pontifex
836 2337 957 2408 colen-

310 2449 459 2538 dissime‚
486 2474 564 2524 cum
591 2449 720 2523 codice
747 2449 957 2525 doctissimae

308 2589 350 2639 ac
386 2564 650 2662 religiosissimae
685 2568 806 2639 Ysotae
836 2566 956 2661 Noge-

106 2681 189 2752 rolre
224 2678 389 2753 dedicato
422 2680 552 2776 recepi,
588 2680 712 2777 quibus
748 2705 813 2752 non
850 2677 956 2752 modo
972 2724 1002 2760 10

106 2795 185 2868 mihi
212 2796 292 2870 satis
311 2796 420 2870 iecisti
439 2811 475 2867 et
493 2796 643 2892 piurimis
660 2795 851 2869 clarissimis
869 2795 956 2882 viris,

105 2912 163 3008 qui
190 2936 233 2984 ex
261 2910 422 3008 proximis
448 2911 534 2983 locis
560 2910 603 2984 ad
631 2935 686 2983 me
703 2909 880 2983 visendum
899 2934 957 2982 ve-

107 3052 200 3115 nere,
231 3027 292 3101 sed
320 3025 421 3100 etiam
448 3024 759 3099 admirabilissimus
789 3025 878 3098 visus
907 3050 956 3110 es,

107 3143 294 3241 praesertim
307 3144 434 3216 Iacobo
444 3142 624 3229 Aizarensi‚
635 3142 707 3215 viro
717 3140 956 3224 eruditissimo,

106 3259 163 3355 qui
182 3283 225 3331 ex
236 3257 378 3330 Guarini
389 3258 529 3330 officina
537 3257 684 3354 optimas
698 3257 826 3329 litteras
835 3254 958 3329 doctus
974 3298 1000 3348 ¹5

107 3374 294 3447 rectissime
304 3374 416 3460 sentit,
428 3374 597 3446 liberrime
612 3373 770 3470 loquitur,
784 3375 958 3470 Malpsgae

107 3490 322 3588 Imperatoris
349 3489 443 3562 lateri
462 3491 596 3562 haerens
613 3513 821 3586 semperque
838 3487 958 3585 gratis-

106 3606 209 3679 simus
219 3606 380 3693 existens,
392 3604 545 3679 iusdicir.
558 3647 602 3656 -
619 3647 663 3656 -
680 3646 724 3656 -
741 3646 786 3656 —
803 3604 883 3675 Non
894 3602 957 3674 erit

106 3746 191 3819 ergo
210 3721 429 3818 imposterum
448 3720 568 3817 aliquis
587 3721 632 3793 ita
649 3719 816 3816 indignus
832 3719 958 3814 impor-

155 3984 201 4031 Nr.
221 3986 272 4042 264.
308 3986 341 4047 (7)
358 3983 417 4030 Tris
430 3982 459 4031 C.
