2820 4680
689 583 759 662 ‘236

299 778 397 826 nova.
430 755 498 826 lam
526 753 625 851 igitur
651 753 695 827 ad
722 752 818 827 istam
845 770 935 827 tuam
967 755 1153 828 vehemen-

298 887 367 944 tem
394 870 628 967 disertumque
657 871 737 944 Evae
764 885 942 966 patronam
966 888 1154 944 convertor

296 987 437 1060 suismet
462 986 580 1060 iaculis
606 985 711 1083 ipsius
736 1002 848 1059 castra
878 1003 1148 1084 oppugnaturus.

348 1103 417 1175 Eva
438 1102 598 1200 ignorans
619 1101 890 1199 inconstansque
915 1102 1087 1199 peccavit,
1107 1127 1153 1176 ex

272 1244 280 1295 s
297 1242 370 1315 quo
378 1217 439 1290 tibi
450 1217 555 1292 levius
565 1241 734 1315 peccasse
743 1217 885 1290 videtur.
897 1221 942 1290 At
951 1217 1153 1315 ignorantia,

297 1357 416 1407 eorum
447 1333 635 1431 praesertim
671 1359 751 1430 quae
777 1334 865 1407 scire
891 1333 1060 1408 debemus
1090 1359 1154 1407 nos

299 1474 368 1523 non
385 1466 539 1539 excusat,
558 1450 639 1547 quia
656 1448 820 1546 scriptum
838 1465 908 1523 est:
923 1448 1047 1548 Siquis
1064 1449 1153 1548 igme-

296 1573 358 1656 rut,
388 1563 587 1663 ignorabitur.
617 1567 755 1639 Oculos
782 1590 871 1661 quos
897 1567 1000 1664 culpa
1022 1565 1152 1639 claudit

298 1704 406 1778 poena
422 1681 542 1778 aperit.
563 1681 636 1780 Qui
650 1684 770 1755 stultus
783 1697 836 1755 est
846 1681 1002 1781 inculpa,
1012 1682 1150 1780 sapiens

256 1823 285 1858 10
296 1797 362 1870 erit
385 1797 417 1869 in
436 1821 553 1895 poena.
577 1797 686 1896 ldque
704 1815 774 1871 tum
789 1798 936 1871 maxime
954 1823 1070 1873 verum
1089 1816 1152 1888 est,

297 1938 376 1986 cum
394 1937 491 1986 error
508 1938 552 1986 ex
570 1912 748 2010 peccantis
767 1913 974 2012 negligentia
984 1913 1152 2011 provenit,

297 2029 479 2127 quomodo
494 2029 684 2126 ignorantia
693 2029 841 2103 mulieris
851 2046 930 2103 nata
939 2055 983 2102 ex
992 2052 1153 2126 arrogan-

298 2145 345 2218 tia
362 2170 431 2219 non
449 2161 602 2219 excusat.
627 2143 827 2218 Aristoteles
849 2167 1041 2241 omnesque
1063 2168 1152 2240 prae-

298 2259 462 2357 tereaqui
472 2283 587 2333 veram
597 2259 802 2356 profitentur
811 2258 1077 2358 philosophiam,
1088 2258 1152 2331 du-

256 2397 282 2452 15
298 2375 379 2474 plici
397 2398 505 2471 poena
522 2374 638 2448 ebrios
655 2390 692 2446 et
709 2373 905 2471 ignorantes
923 2373 1047 2472 dignos
1065 2373 1152 2447 iudi-

298 2491 388 2564 cant.
410 2492 492 2562 Non
506 2489 610 2564 video
619 2490 733 2580 etiam,
745 2506 781 2562 ut
790 2507 825 2562 tu
837 2491 917 2563 Evae
928 2490 1151 2588 ignorantiam

298 2628 457 2695 excuses,
471 2605 567 2678 cuius
580 2605 758 2679 scientiam
768 2605 801 2677 in
813 2603 1152 2679 Paradisoasummo

298 2721 449 2795 omnium
468 2746 579 2794 rerum
594 2720 721 2818 opifice
731 2737 882 2795 creatam
892 2721 1016 2796 eadem
1030 2721 1151 2796 astruis

299 2837 497 2912 extimuisse
513 2837 753 2912 astutissimum
766 2853 974 2934 serpentem,
989 2836 1069 2933 quia
1083 2862 1151 2910 non

255 2977 286 3014 20
299 2953 361 3027 luit
378 2947 478 3028 ausus
496 2953 529 3026 in
547 2954 652 3027 verba
670 2953 898 3050 persuasionis
915 2977 1151 3050 prorumpere,

299 3070 362 3143 sed
379 3072 443 3143 sub
462 3068 730 3167 interrogatione
747 3093 823 3142 eam
838 3085 891 3143 est
903 3070 1072 3142 allocutus
1085 3070 1149 3144 dre.

301 3189 360 3259 De
379 3185 607 3261 inconstantia
624 3211 708 3260 vero
726 3186 959 3283 procedentes
976 3185 1151 3282 operatio-

299 3326 361 3376 nes
394 3301 689 3400 vituperabiliores
722 3318 809 3375 sunt.
843 3299 1148 3401 Quemadmodum

347 3564 382 3629 (7)
398 3573 438 3614 eut
454 3566 488 3629 (r.
506 3566 569 3614 Cor.
587 3566 657 3615 xlv.
677 3565 732 3630 3⁸)ss
749 3566 775 3615 Si
790 3579 810 3615 e.
844 3564 894 3630 (ιθ)
911 3563 1029 3614 eamdem
1044 3576 1064 3612 e.
