2820 4680
581 643 634 709 ²55

182 826 306 898 pennae
332 798 423 872 datae
446 798 583 872 suntad
602 800 715 891 vitam,
735 801 780 873 ita
798 802 928 876 mulieri
946 804 1033 878 ratio

180 916 224 990 ad
250 914 467 990 retinendam
485 930 521 987 et
538 916 820 1013 consequendam
839 918 963 995 animae
980 945 1033 994 sa-

181 1035 284 1105 lutern
314 1030 498 1104 sufficiens.
531 1030 565 1104 Si
595 1031 638 1104 ad
669 1032 728 1104 viri
760 1033 929 1121 auxilium,
952 1060 1033 1132 pro-

183 1148 381 1234 fectionem,
403 1145 560 1219 solatium
579 1163 615 1219 et
631 1147 790 1243 gaudium
811 1149 880 1222 Eva
899 1166 1033 1224 natura·

181 1264 257 1337 liter
272 1278 389 1335 creata
408 1261 480 1351 suit,
498 1279 621 1336 contra
639 1265 733 1361 leges
752 1262 851 1362 igitur
871 1289 910 1338 se
926 1267 1033 1364 gessit
1065 1301 1073 1336 r

180 1379 253 1452 viro
271 1379 418 1464 iabores,
429 1377 721 1475 imperfectiones,
732 1379 880 1452 tristitias
898 1398 934 1454 et
943 1405 1032 1455 ntoe·

181 1518 276 1567 rores
301 1493 598 1567 subministrando.
620 1493 795 1594 —Quod
822 1494 959 1592 attigisti
985 1496 1031 1570 de

182 1625 332 1705 peccato
358 1608 470 1705 angeli
498 1624 533 1681 et
560 1608 706 1681 hominis
732 1625 768 1681 et
794 1609 827 1681 in
846 1633 917 1705 quo
934 1609 1054 1684 diffe-

180 1741 266 1811 rant,
294 1723 487 1797 latissimum
512 1724 616 1797 habet
632 1747 791 1820 campum
809 1741 845 1797 et
863 1741 899 1797 ut
916 1741 1031 1799 vestro

180 1839 317 1938 dignum
345 1839 543 1912 acutissimo
569 1839 718 1937 ingenio
746 1839 793 1911 ita
822 1840 919 1914 huius
944 1857 1077 1914 tem-10

181 1955 274 2052 poris
287 1954 453 2052 angustiae
466 1954 603 2027 minime
616 1978 816 2050 congruum.
837 1955 1031 2055 Quomodo

180 2087 293 2143 autem
312 2068 432 2142 rationi
451 2068 612 2142 bonitatis
632 2069 751 2142 summi
774 2069 830 2143 dei
844 2070 1031 2145 convenire

180 2186 317 2272 sentias,
345 2201 380 2257 ut
406 2187 481 2282 plus
500 2184 576 2257 rnali
595 2184 704 2259 minus
722 2185 948 2282 peccantibus
966 2185 1032 2259 dis-

182 2299 311 2389 sundat‚
323 2300 481 2373 nonsatis
491 2300 658 2396 percipio.
671 2342 715 2352 —
729 2301 877 2374 Nimium
897 2301 1031 2399 stringis

179 2415 370 2490 Aristotelis
388 2415 583 2489 testimonia
594 2414 637 2488 ad
653 2417 776 2513 primas
789 2441 937 2506 caussas,
952 2442 1029 2491 narn
1048 2457 1072 2506 ις

180 2534 292 2605 omnis
316 2554 438 2605 caussa
459 2554 592 2605 caussae
609 2548 662 2605 est
680 2556 801 2605 caussa
818 2533 976 2620 caussati‚
994 2549 1031 2606 et

181 2648 260 2745 quia
278 2647 373 2720 liberi
384 2647 510 2721 arbitrii
525 2647 586 2753 fuit
598 2647 719 2736 Adam,
731 2672 799 2720 non
815 2648 906 2721 facio
920 2649 1028 2746 ipsum

180 2765 283 2861 culpa
299 2787 444 2836 vacuum
464 2786 577 2859 neque
594 2762 681 2837 Adae
698 2765 833 2860 culpant
855 2764 942 2836 -Evae
955 2787 1030 2836 orn-

182 2880 273 2968 nino,
284 2879 345 2952 nisi
356 2878 502 2976 quadam
513 2902 557 2951 ex
571 2895 679 2977 parte,
690 2877 861 2952 adscribo
876 2920 920 2930 —
935 2880 1030 2979 Quae

180 2995 226 3069 de
240 2995 350 3068 libero
367 2995 507 3068 arbitrio
526 2995 703 3067 interiecta
720 3011 808 3083 sunt,
827 3017 871 3067 ea
887 3019 942 3067 me
960 3019 1028 3067 non
1045 3032 1076 3070 ιο

180 3110 383 3185 adversante
410 3128 618 3199 remaneant,
637 3133 752 3207 neque
768 3109 814 3184 ad
833 3109 1028 3183 facilitatem

180 3250 369 3301 consensus
402 3225 489 3299 Adae
519 3225 813 3321 comprobandam
844 3228 925 3299 volo
960 3228 1029 3300 hoc

180 3344 262 3417 loco
286 3366 330 3417 ea
353 3341 469 3416 omnia
493 3365 777 3434 commemorare,
796 3367 877 3439 quae
893 3342 939 3416 de
957 3368 1030 3415 mu·

227 3608 260 3670 (3.
278 3608 302 3670 4)
319 3607 506 3670 profectionem
523 3609 551 3657 Ε.
586 3606 636 3671 (2³)
654 3621 706 3668 que
722 3621 742 3657 e.
