2820 4680
655 550 707 629 383

257 723 310 782 Est
324 721 447 803 proavis,
464 719 614 800 quondam
630 718 668 781 de
684 718 833 780 nobilitate
846 729 968 792 vetusta,

257 822 296 880 Et
309 819 348 880 de
361 818 534 879 Teutonicis
549 817 724 900 primoribus
738 816 844 900 inclyta
858 817 962 879 multas
1121 832 1164 881 ⁴75

256 916 354 978 lunxit
372 917 400 976 in
411 916 484 977 urbe
493 916 598 977 domos
607 915 779 994 circumque
789 925 835 975 est
844 914 968 975 maxima
977 931 1107 994 quaeque

257 1016 354 1087 Facta,
373 1013 488 1094 equites
502 1013 698 1092 dominosque
713 1030 767 1073 suo
780 1029 850 1091 quae
864 1011 981 1073 tradidit
994 1024 1060 1074 ortu

254 1111 455 1191 Assiduosque
469 1111 571 1185 relert;
587 1110 690 1171 multas
703 1120 734 1171 et
749 1111 839 1170 lsotta
852 1127 968 1171 sorores

255 1208 419 1271 Connubio
434 1209 547 1270 iunctas
562 1208 710 1291 plerisque
725 1206 882 1268 illustribus
895 1207 954 1267 alto

254 1304 403 1386 Sanguine
417 1305 577 1388 progenitis
589 1304 668 1367 vidit.
684 1296 804 1366 Tanto.
824 1351 831 1364 .
850 1351 857 1365 .
877 1351 884 1365 .
903 1304 955 1365 illis
1121 1310 1170 1370 4³0

259 1406 332 1464 Esse
346 1403 414 1464 satis
428 1404 510 1465 duxit
524 1402 578 1464 sibi
592 1402 752 1483 virginitate
767 1419 898 1475 necesse,

259 1503 329 1562 Hoc
344 1502 434 1580 magis
448 1501 477 1562 in
492 1511 614 1562 cunctas
627 1512 758 1561 versatur
772 1516 854 1580 saepe
868 1498 1021 1561 docendas

257 1598 495 1679 Concordesque
509 1598 621 1659 animos
636 1596 804 1659 reddendos
818 1614 900 1678 saepe
914 1597 1050 1672 virorum,

255 1697 373 1758 Artibus
391 1697 435 1758 his
450 1697 557 1757 imitata
571 1696 619 1757 dei
634 1695 770 1757 mandata
784 1694 913 1777 superni.

255 1797 293 1857 ht
309 1793 447 1855 Lachesis
461 1813 551 1855 canos
565 1794 622 1855 iam
632 1805 766 1876 coeperat
779 1804 842 1855 atra
854 1793 975 1875 capillos
1123 1799 1165 1863 4⁸5

257 1893 408 1967 Condere,
427 1912 503 1973 quos
516 1911 619 1954 aurum
635 1892 747 1953 solebat
759 1891 842 1953 obire
857 1892 1011 1968 nitescens,

262 1993 299 2051 Et
314 1991 439 2052 frontem
454 1991 571 2052 subiere
584 1990 654 2052 dute
667 1990 853 2052 cunctamine
867 2007 958 2071 rugae,

258 2092 332 2170 Quo
346 2091 422 2152 sedit
436 2090 557 2151 Dictina
570 2088 645 2151 loco.
665 2091 725 2150 lam
740 2088 832 2171 pallor
846 2089 874 2149 in
889 2107 941 2151 ore

258 2188 346 2248 Venit
361 2188 520 2249 honestatis
534 2187 637 2262 cultor,
656 2187 703 2249 cui
718 2187 844 2249 candida
858 2188 1007 2268 quondam

260 2285 332 2345 Lilia
345 2284 424 2346 culta
437 2285 535 2346 lorent
549 2285 645 2346 nativo
659 2284 775 2346 adiecta
788 2284 905 2346 rubore.
1122 2302 1170 2350 tao

257 2384 385 2463 Atropos
399 2400 525 2444 accensa
533 2393 586 2457 est,
604 2384 720 2462 Meque
729 2383 787 2444 hoc
796 2401 881 2465 opus,
896 2383 989 2465 inquit
997 2384 1109 2447 anhelis

257 2480 421 2562 Spiritibus,
439 2492 565 2562 spectat;
580 2479 648 2542 mihi
665 2483 755 2542 lsotta
767 2492 812 2542 est
825 2480 930 2543 hadita
942 2483 1060 2544 tandem

258 2579 397 2659 Corpore
417 2597 478 2659 quo
497 2577 592 2660 potuit
608 2578 756 2640 Phoebum
774 2578 972 2659 Phoebeaque
986 2581 1106 2643 referre.

260 2675 400 2735 Nascitur
414 2675 492 2736 haud
506 2676 662 2756 quisquam
677 2687 739 2736 toto
753 2676 931 2758 spectandus
945 2677 973 2736 in
988 2677 1061 2738 orbe

259 2772 392 2834 ATanai
409 2772 446 2834 ad
464 2773 585 2856 Libyen,
604 2773 649 2835 vel
664 2793 724 2854 qua
737 2773 780 2835 sol
794 2773 923 2835 concidit
936 2776 1026 2849 ortus,
1122 2791 1166 2840 ⁴05

258 2871 321 2949 Qui
336 2888 368 2931 se
384 2889 442 2931 non
459 2882 579 2951 praestet
593 2882 659 2953 post
672 2883 780 2932 cuncta
794 2870 923 2952 pericula
938 2872 1031 2933 nobis.

260 2969 339 3029 Haec
353 2968 455 3029 oculos
470 2987 606 3049 pressura
616 2968 692 3043 deae,
715 2968 777 3030 duo
787 2969 892 3051 sydera
906 2980 1045 3050 tanquam

260 3068 310 3128 De
325 3066 423 3127 medio
437 3079 555 3148 raptura
569 3066 639 3148 polo
653 3067 822 3148 linguaeque
836 3067 955 3128 disertae

260 3165 447 3245 Dispositura
462 3164 591 3239 modum,
609 3165 722 3226 febrem
736 3165 876 3247 permittit
887 3176 1016 3239 euntem,

257 3264 357 3329 Arenti
372 3283 441 3344 quae
456 3283 557 3347 pressa
570 3265 616 3327 siti
629 3276 741 3326 cremet
754 3283 829 3338 ossa,
848 3263 989 3326 medullas
1124 3275 1170 3324 500

291 3533 356 3598 (480)
374 3535 439 3584 deest
454 3534 540 3598 magis.
574 3532 638 3597 (aaa)
655 3532 772 3583 solvebat
787 3532 860 3582 abire
879 3533 907 3582 V.
