2820 4680
564 973 587 1044 l.

148 1249 203 1321 Ad
219 1247 422 1349 magnificum
440 1247 601 1320 dominum
619 1232 781 1318 dominurn
800 1241 998 1344 Pondutfum

146 1366 188 1438 tte
213 1363 398 1437 Motutestis
419 1377 481 1461 pro
499 1362 739 1460 recuperatione
756 1361 923 1434 cuiusdam
941 1385 996 1433 uo-

146 1478 271 1551 luminis
308 1504 371 1577 quo
408 1478 518 1551 omnio
547 1491 647 1576 opero
671 1480 805 1550 Senecce
830 1476 996 1550 morutium

194 1594 376 1692 dogmatum
402 1593 506 1693 putn's
535 1576 661 1667 nunu
689 1593 942 1684 continebantur,

223 1723 285 1808 per
298 1708 455 1808 Angelum
473 1709 515 1783 de
531 1708 706 1808 Nogorotu
718 1708 761 1782 de
780 1711 915 1781 Verona.

147 1985 225 2043 Nate
240 1983 304 2056 deu,
323 2000 392 2062 quae
408 2000 487 2043 nunc
500 1981 599 2041 animo
609 1982 753 2042 sententia
767 1980 880 2061 surgit?

143 2082 208 2141 Cor
223 2099 283 2160 quo
298 2081 472 2141 Caesareum
483 2096 629 2158 generoso
643 2096 660 2138 e
675 2089 797 2159 pectore
819 2079 913 2159 fugit?

142 2179 213 2257 Qua
225 2178 317 2237 merui
331 2176 418 2257 culpa
433 2176 494 2237 fieri
508 2176 559 2236 tibi
573 2176 642 2250 vilis,
660 2176 779 2251 Achille,

144 2276 188 2335 Ut
208 2275 277 2333 mihi
290 2284 349 2334 tarn
364 2273 478 2354 fulgens
493 2291 620 2354 raperes,
638 2291 794 2353 generose.
810 2274 938 2335 monile?

187 2489 292 2548 Angelae
315 2485 347 2534 ed
371 2486 547 2547 pandulphum
574 2488 730 2534 Melutestum
747 2499 848 2534 carmen
867 2499 916 2534 unu
932 2499 990 2535 curu

140 2564 282 2626 Punduiphi
307 2579 433 2626 responso
457 2578 489 2612 ex
508 2566 659 2627 apographo
685 2565 839 2613 Bandinieno
864 2566 929 2614 unici
946 2565 990 2626 qui

139 2651 204 2692 extet
223 2645 320 2694 codicis
343 2645 504 2694 Riccurdiuni
525 2659 631 2694 numero
656 2646 702 2705 784
718 2646 807 2708 signati
823 2645 856 2708 (in
874 2659 927 2706 quo
944 2646 987 2695 toi.

142 2735 186 2785 ¹50
202 2727 261 2773 loco
280 2736 316 2787 54.
338 2736 362 2787 55
383 2726 439 2774 hoec
455 2724 565 2773 carmine
583 2726 710 2789 teguntur)
727 2740 742 2774 e
762 2727 855 2774 loenne
875 2726 989 2774 Christo-

138 2805 222 2863 phoro
253 2805 389 2853 Amedutio
422 2805 445 2851 in
480 2806 627 2854 «Fascieuto
658 2805 803 2853 Latinorum
829 2805 986 2853 Curminumr

138 2881 247 2943 (Romae,
277 2898 299 2931 u.
338 2885 406 2947 1782)
431 2892 457 2931 et
482 2885 504 2932 in
528 2885 655 2932 volumine
680 2894 773 2945 quarto
795 2885 988 2934 Anecdotorum

139 2963 331 3012 Litteruriorum
348 2964 457 3025 (Romae,
474 2964 542 3026 1783)
560 2964 656 3013 editum
671 2973 718 3013 est.
738 2965 762 3013 C
777 2966 860 3013 titteru
870 2965 987 3014 codicem

138 3043 331 3093 Riceurdienum
348 3059 363 3093 e
381 3047 512 3106 Prospero
529 3045 608 3100 Viuni,
623 3045 789 3093 Bibliothecae
812 3044 987 3094 Riccerdianoe

137 3124 262 3184 prefecto
278 3123 426 3174 doctissimo
443 3126 534 3173 iterum
557 3127 685 3183 collatum,
702 3125 726 3173 F
736 3125 819 3174 titteru
835 3127 948 3187 primam,
966 3127 987 3173 Α

136 3204 220 3252 littera
235 3207 339 3254 atterum
354 3205 480 3254 Amedutii
503 3205 641 3253 editionem
659 3206 749 3253 notavi.

183 3285 268 3334 Cento
290 3288 396 3349 Angeioe
420 3287 559 3348 Nogarotee
582 3274 739 3334 Veronensis
757 3286 790 3334 ed
809 3286 985 3350 Pandulphum

137 3365 294 3414 Meletestum
311 3380 361 3429 pro
379 3366 577 3429 recuperatione
593 3365 724 3414 cuiusdam
739 3367 879 3428 voluminis,
893 3368 916 3415 in
931 3382 986 3430 quo

135 3445 218 3492 omniu
230 3459 312 3508 opera
322 3447 428 3495 moralia
438 3446 546 3495 Senecae
558 3445 753 3494 continebuntur
763 3448 798 3495 est
807 3445 888 3496 &uhts
898 3446 923 3496 in
932 3448 982 3497 AF.

134 3525 164 3571 V.
186 3536 207 3572 1.
228 3537 237 3589 ς
257 3539 272 3575 e
288 3527 402 3590 Virgilio,
420 3540 443 3574 v.
465 3538 485 3586 3.
503 3538 526 3587 7.
546 3538 583 3573 21.
602 3537 640 3585 23.
660 3535 697 3589 ις.
717 3538 746 3587 27
760 3526 906 3588 exOvidio,
922 3542 945 3576 v.
959 3541 982 3588 9.

135 3615 172 3650 11.
192 3616 218 3661 η
237 3618 268 3652 ex
289 3605 381 3654 Oratio
406 3606 528 3670 (Horatio
549 3604 610 3669 fflr
635 3620 659 3655 v.
690 3616 726 3668 ις.
755 3620 784 3667 19
800 3621 816 3657 e
833 3609 974 3658 Petrerche
