2820 4680
559 616 614 678 349

158 771 287 868 vaginis
313 769 546 844 reddiderunt.
582 769 793 843 Pisistratum
821 786 949 844 tantum
976 768 1009 842 in

158 885 310 960 dicendo
328 885 473 959 valuisse
491 884 593 958 tradit
610 884 804 982 antiquitas
816 902 852 959 ut
868 884 1010 959 Atheni-

157 1026 259 1076 enses
276 1002 350 1075 eius
359 1001 515 1075 oratione
534 1001 626 1098 capti
638 1001 816 1097 imperium
834 1002 868 1075 ei
878 1002 1008 1099 regium

158 1118 372 1216 permiserint
399 1135 435 1190 et
456 1117 652 1190 servitutem
676 1116 821 1189 libertati
850 1120 1009 1214 praetule-

157 1235 231 1306 rint.
252 1233 351 1334 Quid
369 1232 481 1307 dicam
500 1233 545 1305 de
565 1234 680 1306 harum
708 1233 1008 1329 pronuntiatione?
1042 1264 1051 1317 ς

159 1352 249 1423 Nam
269 1374 346 1422 cum
365 1347 577 1445 eloquentiae
590 1364 790 1421 ornamenta
808 1348 840 1419 in
859 1373 1009 1445 pronun-

158 1465 300 1538 tiatione
318 1464 518 1553 consistant,
537 1463 617 1536 huic
635 1462 726 1536 adeo
743 1487 885 1560 operam
900 1461 1009 1537 dede-

157 1596 233 1652 runt
251 1596 413 1677 tantaque
433 1580 464 1651 in
496 1576 748 1676 pronuntiando
765 1577 862 1651 vocis
888 1577 1009 1651 mode·

80 1687 82 1690 *
158 1695 290 1768 ratione
308 1697 418 1768 vultus
443 1710 480 1767 et
504 1712 621 1791 gestus
648 1710 784 1767 utuntur
814 1692 885 1791 pari
903 1718 1009 1767 venu-

155 1828 243 1884 state
257 1810 452 1899 coniuncta,
464 1826 500 1883 ut
510 1812 635 1883 nullum
646 1809 830 1906 indigeant,
845 1835 916 1907 quo
930 1834 1009 1906 pro
1025 1847 1054 1882 ιο

158 1926 375 1999 nuntiationis
401 1925 525 1998 modos
550 1926 702 1999 eburnea
728 1923 875 2022 quadam
898 1926 1010 1999 fistula

158 2060 325 2116 notarent.
372 2042 470 2141 Quid
504 2043 624 2140 plura?
659 2043 750 2115 Cum
781 2066 841 2115 eas
870 2057 1009 2115 orantes

156 2158 271 2246 audio,
292 2158 381 2255 ipsas
403 2160 474 2258 Qu.
498 2157 689 2231 Hortensio
715 2181 916 2254 comparare
939 2183 1007 2231 non

156 2273 287 2361 dubito,
307 2299 410 2370 quem
422 2275 496 2370 plus
505 2273 606 2346 studii
623 2272 654 2344 in
668 2271 791 2346 eadem
811 2273 1007 2369 pronuntia-

156 2389 249 2461 tione
268 2414 369 2485 quam
389 2389 421 2460 in
443 2389 643 2485 eloquentia
668 2387 861 2461 affectanda
883 2389 1048 2486 imper-15

156 2505 236 2577 tisse
250 2504 400 2578 traditur.
416 2505 486 2579 Sed
501 2504 583 2604 quid
598 2505 731 2602 longius
744 2505 912 2603 expatior‚
927 2530 1005 2578 cum

154 2619 181 2692 si
201 2619 346 2716 ipsarum
365 2621 528 2718 virginum
555 2621 695 2694 virtutes
712 2621 772 2694 tibi
791 2620 1006 2719 perscribere

155 2759 330 2832 cuperem,
345 2753 424 2809 ante
442 2736 533 2809 diem
549 2738 667 2810 clauso
680 2753 870 2834 componet
883 2761 1007 2834 vesper

157 2850 312 2948 Olimpo.
324 2854 412 2925 Tuae
424 2851 522 2949 igitur
536 2870 649 2950 partes
663 2870 772 2942 erunt,
782 2853 827 2925 mi
839 2851 1004 2942 Ludvice‚

156 2984 191 3039 ut
209 2992 343 3041 mecum
355 2968 434 3041 huic
448 2968 575 3042 civitati
595 2984 721 3042 nostrae
747 2968 1003 3065 congratuleris,
1020 3007 1050 3042 ιο

185 3174 217 3235 (4.
245 3176 266 3238 5)
292 3178 454 3236 pretulerunt
479 3177 542 3224 GM.
585 3175 619 3239 (ς)
643 3176 871 3238 pronuncciutione
888 3178 925 3236 Μ,
944 3191 1005 3238 pro-

155 3256 321 3304 nunciaclone
350 3257 375 3304 G
405 3255 520 3319 (simililer
537 3257 605 3306 codd.
628 3255 710 3318 infra).
745 3255 779 3319 (7)
804 3257 944 3306 consistunt
963 3258 1001 3307 M.

153 3335 203 3396 (ιι)
218 3337 300 3384 fistola
317 3338 350 3385 G.
385 3335 434 3400 (υ)
455 3338 580 3387 vocabant
598 3338 630 3397 G,
649 3336 765 3386 forabunt
789 3337 828 3385 Μ.
872 3337 922 3401 (η)
939 3338 1003 3400 Qu]

153 3417 225 3477 quasi
242 3417 280 3465 Μ.
304 3430 456 3478 comperare
467 3418 505 3466 M.
527 3417 576 3481 (14)
588 3417 707 3479 quoniam
719 3416 757 3465 Μ.
781 3417 804 3464 in
814 3430 901 3465 aarum
910 3431 948 3480 pr.
962 3419 1001 3467 M.

152 3494 500 3559 (15.16)impertissimeM.
534 3497 584 3561 (¹7)
600 3497 645 3546 tibi
656 3510 702 3547 om.
717 3498 750 3547 G.
784 3495 834 3560 (19)
846 3497 955 3547 ludwice
967 3498 1000 3548 G.

153 3576 201 3642 (ιο)
214 3579 272 3627 huic
286 3587 380 3629 nostroe
394 3579 461 3630 civit.
479 3580 513 3631 G.
