2820 4680
664 563 702 624 ²9

254 716 335 790 dum
363 715 487 814 ingenii
514 716 579 790 mei
606 716 873 791 imbecillitatem
899 741 942 791 ac
964 716 1104 791 dicendi

255 831 457 928 imperitiam
484 855 618 904 mecum
645 831 718 928 ipsa
743 831 856 913 animo
875 832 975 906 volvi.
995 834 1104 907 Sexus

255 971 397 1044 quoque
427 962 464 1019 et
497 969 649 1043 praesens
682 946 761 1021 vitae
796 972 884 1022 meae
919 947 1103 1022 institutum

256 1085 346 1135 nunc
365 1078 401 1136 ut
418 1079 550 1135 taceam
569 1062 756 1151 hortantur,
775 1079 811 1136 et
826 1086 872 1135 eo
890 1062 1006 1161 magis,
1025 1087 1104 1138 curn

255 1176 321 1252 iam
360 1177 438 1251 haec
466 1175 578 1250 studia
608 1200 709 1274 paene
739 1176 948 1252 deseruerim
979 1202 1104 1275 meque
1138 1209 1146 1258 s

255 1292 322 1366 alia
342 1309 479 1383 vocent,
498 1317 578 1389 quae
604 1316 660 1366 me
687 1292 836 1367 reddunt
853 1293 1104 1368 instructiorem

256 1408 326 1482 deo
365 1433 444 1482 meo
470 1408 502 1480 in
529 1407 643 1482 futuro
672 1412 794 1483 seculo
820 1409 1001 1507 praesentis
1026 1409 1105 1484 vitae

257 1521 425 1598 reddendi
451 1522 628 1598 rationem.
647 1522 718 1597 Sed
732 1548 811 1598 cum
831 1548 885 1597 me
903 1548 924 1598 a
941 1541 975 1597 te
994 1539 1106 1597 tanto

257 1664 341 1737 pere
359 1638 462 1713 amari
480 1637 679 1736 laudarique
697 1662 920 1736 cognoscam,
938 1662 1105 1713 summum

228 1783 231 1787 ⁴
257 1754 503 1853 ingratitudinis
524 1754 639 1827 vitium
666 1753 746 1827 duxi
773 1770 902 1844 tacere,
922 1775 990 1828 non
1009 1755 1106 1852 igno·
1122 1783 1151 1818 10

257 1893 334 1944 rans
359 1870 591 1944 sanctissimos
616 1886 652 1944 et
678 1870 897 1944 doctissimos
924 1870 1015 1944 viros
1036 1871 1106 1944 hoc

257 1985 372 2060 vitium
387 2011 598 2084 magnopere
615 1985 778 2061 detestari
795 2003 833 2060 et
849 1986 940 2060 illurn
960 1985 1105 2060 maxime

257 2124 428 2175 sacrarum
454 2101 638 2175 litterarum
665 2101 737 2175 sere
772 2102 961 2200 principem
991 2105 1106 2199 Augu·

257 2218 393 2307 atinum,
404 2242 506 2315 quem
520 2217 697 2317 scripsisse
715 2218 875 2317 legimus:
896 2217 1107 2316 Ingratitudo

259 2350 312 2408 est
344 2351 465 2407 ventus
490 2358 591 2407 urens
616 2351 652 2407 et
676 2333 812 2407 siccans
836 2357 940 2407 omne
967 2335 1104 2406 bonurn.
1124 2358 1148 2406 ¹5

260 2450 302 2523 Et
327 2448 475 2523 Cicero:
503 2448 538 2522 Si
564 2448 678 2546 priora
707 2448 763 2523 illa
793 2447 959 2522 memoria
989 2464 1105 2536 teneo,

258 2563 340 2638 nihil
366 2580 433 2639 tam
459 2564 634 2662 proprium
654 2564 797 2637 hominis
815 2563 985 2653 existimo,
1004 2587 1106 2659 quam

258 2704 328 2755 non
359 2679 465 2754 modo
495 2680 678 2770 beneficio,
704 2678 767 2754 sed
793 2696 830 2752 et
864 2678 1107 2753 benivolentiae

258 2959 275 2997 e
297 2945 380 2996 tribus
403 2945 537 2996 codicibus
559 2944 623 3007 (⁶48.
648 2956 715 3004 1130.
746 2945 815 3007 1201)
839 2943 928 3002 edidit,
953 2940 1059 3007 Epistola
1077 2943 1111 2991 ad

258 3025 404 3078 ludovium
421 3026 579 3077 Fuscamnum
600 3027 711 3076 Venatum
728 3025 861 3075 &automni
876 3025 900 3074 et
915 3025 946 3073 Ic.
960 3030 1000 3072 est
1011 3023 1106 3072 titulus.

258 3105 294 3170 (6)
315 3106 389 3169 quod
410 3120 482 3157 more
507 3108 534 3156 V.
568 3105 602 3169 (Β)
626 3105 658 3156 ud
683 3105 848 3156 scribendum
871 3105 909 3155 Μ.
943 3103 1056 3154 deteruit
1079 3104 1106 3151 V.

305 3186 340 3251 (ι)
357 3186 545 3238 imbecilitatem
562 3186 616 3236 CV.
651 3194 677 3235 et
694 3185 724 3236 C
759 3184 793 3248 (ι)
816 3185 898 3234 Secus
921 3185 958 3233 M.
993 3183 1027 3246 (3)
1044 3196 1108 3245 quo

257 3280 311 3330 que
327 3280 374 3316 oua
396 3268 423 3316 V.
458 3267 492 3331 (6)
502 3267 554 3317 atio
565 3266 626 3317 CM.
656 3265 836 3316 industriorem
851 3265 878 3313 V.
897 3263 931 3326 (8)
949 3263 1106 3313 rationem.

256 3356 298 3398 set
315 3347 342 3397 V.
377 3347 427 3410 (¹⁴)
449 3359 502 3409 que
524 3347 551 3394 V.
585 3344 636 3410 (ις)
650 3353 677 3394 et
700 3345 782 3394 sicam
808 3344 837 3402 Q
862 3343 992 3394 exsiccans
1016 3344 1054 3402 Μ,
1083 3351 1110 3391 et

257 3428 358 3480 scians
378 3427 405 3476 V.
450 3425 500 3490 (17)
526 3426 558 3475 nil
579 3426 642 3477 MV.
677 3423 794 3485 nominis]
823 3423 919 3472 habere
936 3423 975 3471 M.
994 3422 1044 3486 (ιθ)
1060 3435 1109 3471 non

257 3521 320 3559 meo
331 3508 369 3558 Μ.
387 3516 428 3557 set
442 3508 469 3556 V.
488 3515 514 3556 et
524 3519 571 3556 om.
582 3507 624 3555 Μ.
644 3503 821 3554 benivolencia
829 3503 861 3551 V.
