2820 4680
529 596 588 653 4¹9

133 749 249 835 fatear,
265 747 464 821 temeritatis
486 763 539 819 est
560 772 696 820 sensum
710 746 840 820 domini
856 774 984 846 pecca·

131 879 241 937 torem
255 862 451 961 quempiam
467 878 599 936 tentare
612 865 710 936 velle.
734 863 877 937 Dictum
892 864 983 938 enim

131 978 308 1075 peccatori
337 995 407 1051 est:
441 980 498 1051 Ne
524 977 653 1052 audeas
679 977 809 1052 domini
842 978 984 1054 iustitias

131 1119 193 1191 per
209 1119 250 1168 os
268 1112 360 1166 tuum
376 1118 519 1167 narrare.
540 1092 679 1194 Quodsi
690 1111 811 1168 contra
821 1093 982 1169 interdic·

130 1226 199 1283 tum
218 1235 274 1284 me
287 1210 412 1307 saepius
427 1234 634 1307 praesumere
648 1208 755 1300 vides,
770 1209 980 1308 parcendum
1014 1246 1023 1295 ς

129 1325 204 1416 erit,
232 1351 345 1424 neque
363 1325 453 1398 enim
481 1350 560 1423 eg0,
579 1324 637 1423 qui
656 1327 772 1398 harum
791 1351 902 1399 rerum
920 1351 981 1400 cu-

130 1440 229 1539 pidus
246 1466 331 1531 sum,
363 1442 496 1515 tametsi
521 1441 698 1539 operarius
716 1440 851 1529 inutilis,
871 1440 980 1540 indig-

129 1583 201 1647 nus,
213 1574 329 1631 tacere
344 1583 412 1630 non
427 1582 575 1655 possum.
593 1559 714 1657 Quare
723 1556 749 1630 si
765 1558 853 1631 hanc
868 1582 978 1632 meam

129 1673 355 1747 temeritatem
378 1673 568 1759 accusabis,
587 1671 734 1745 studium
767 1675 835 1746 hoc
865 1699 977 1747 meum

127 1791 246 1862 saltem
265 1813 431 1862 excusare
446 1789 477 1860 in
497 1790 566 1861 hoc
583 1813 742 1862 sermone
760 1788 854 1878 velis,
873 1814 977 1886 quem
994 1826 1024 1861 ιο

127 1903 173 1978 de
192 1930 322 1978 corona
335 1904 464 1976 domini
478 1904 598 2001 spinea
608 1928 730 2001 magna
742 1905 843 1977 animi
858 1907 979 2004 volun

127 2037 196 2094 tate
215 2021 247 2092 in
267 2020 332 2094 isto
350 2019 635 2119 quadragesimali
655 2020 782 2094 ieiunio
800 2021 978 2119 excogita·

126 2136 242 2210 vimus.
263 2135 500 2235 Consyderavi
529 2161 676 2235 nanque,
700 2152 735 2208 ut
753 2161 857 2234 quum
881 2154 977 2212 tanto

126 2251 223 2325 huius
240 2276 382 2325 coronae
405 2251 578 2325 beneficio
603 2251 745 2350 obligati
763 2252 877 2341 simus,
905 2280 977 2352 quo

125 2391 187 2464 per
204 2392 281 2440 eum
300 2367 355 2440 cui
376 2366 536 2465 imposita
554 2366 615 2439 fuit
628 2393 672 2440 ex
686 2367 791 2440 servis
805 2367 902 2442 liberi
920 2394 1017 2457 su·1;

125 2508 208 2572 mus,
236 2481 408 2579 indignum
436 2482 511 2556 sore
538 2482 618 2554 mihi
644 2481 822 2556 videbatur
848 2484 974 2557 nullum

123 2596 168 2672 de
186 2623 229 2671 ea
246 2624 283 2671 re
293 2598 467 2696 proprium
477 2623 671 2672 sermonem
690 2624 793 2697 quem
807 2601 862 2672 vel
881 2601 975 2697 lege-

123 2713 184 2785 rim
210 2716 264 2787 vel
291 2713 476 2787 audiverim
504 2714 654 2788 habitum
682 2740 830 2813 unquam
853 2714 971 2790 ruisse.

123 2831 190 2902 lam
221 2829 286 2903 etsi
317 2829 489 2928 quaedam,
525 2855 700 2929 perpauca
730 2848 855 2921 tamen,
882 2830 974 2905 varie

123 2944 287 3041 legantur,
312 2946 527 3019 temerarium
555 2962 668 3019 tamen
688 2944 768 3017 mihi
794 2944 973 3020 videbatur
986 2987 1018 3023 ιο

122 3084 177 3133 me
194 3060 280 3134 viam
301 3060 389 3134 illam
409 3060 539 3158 ingredi
557 3062 657 3150 velle,
676 3085 778 3159 quam
801 3061 970 3135 neminem

121 3200 165 3247 ex
200 3176 351 3273 patribus
388 3175 609 3251 sanctissimis
646 3192 682 3250 et
715 3175 972 3273 sapientissimis

120 3289 209 3380 viris,
228 3290 325 3364 euius
342 3291 493 3390 vestigiis
512 3292 667 3366 insistere
677 3316 827 3389 possem,
842 3291 971 3390 ingres·

120 3430 193 3479 sum
209 3406 312 3481 ruisse
324 3409 591 3506 cognoscebam.
612 3407 683 3483 Sed
696 3406 864 3506 pudorem
879 3410 970 3482 hunc

121 3547 234 3596 meum
264 3523 434 3622 simulque
452 3524 678 3600 temeritatem
708 3523 790 3599 vicit
811 3523 969 3617 charitas,
984 3563 1012 3618 ις

819 3670 862 3728 27·
