2820 4680
653 618 709 680 ³79

254 772 336 850 Quae
351 770 444 830 forma
458 771 605 830 Venerem
620 770 724 843 vincat,
743 769 895 831 virtutibus
909 768 984 829 illam

257 868 431 941 Pandoram,
450 885 538 946 quarn
552 865 638 927 turba
652 867 742 928 deum
757 868 810 928 sibi
825 866 947 928 finxerat
958 866 1060 938 omnis,

254 965 314 1027 Cui
329 983 437 1025 nomen
452 963 531 1025 claro
544 963 583 1025 de
597 982 711 1026 morum
727 982 849 1025 munere
864 963 973 1026 Clarae.

256 1063 399 1142 Denique
414 1060 554 1143 sydereos
570 1061 618 1122 ubi
634 1061 770 1142 linquunt
785 1062 893 1122 lumina
907 1061 1003 1122 vultus

259 1162 310 1220 Est
325 1170 355 1220 et
371 1161 460 1220 lsotta
474 1159 522 1220 dei
539 1160 618 1220 iussu
633 1160 788 1220 commissa
803 1159 969 1240 sepulchro,
1125 1180 1169 1228 aro

258 1257 421 1319 Haeredem
436 1258 489 1318 sibi
504 1257 577 1318 dixit
590 1276 669 1331 eum,
689 1276 779 1337 quem
795 1258 900 1338 pignus
915 1255 1051 1329 habebat,

256 1355 352 1416 Cuius
366 1373 438 1415 cura
453 1355 506 1415 suit
521 1353 631 1416 nullum
647 1355 763 1416 deiecta
778 1374 831 1436 per
845 1371 950 1414 aevum.

254 1453 292 1513 At
306 1452 377 1532 quid
392 1471 429 1513 ea
443 1462 529 1513 aetate
545 1464 598 1525 est,
617 1472 676 1532 qua
689 1453 759 1513 vixit
773 1453 801 1513 in
817 1451 899 1525 orbe,
917 1452 1040 1513 secuta?

259 1551 468 1611 Numchoreas
475 1550 624 1630 saltusque
634 1551 725 1611 virum
737 1553 748 1611 .>
761 1551 842 1612 Num
853 1549 964 1611 fercula
973 1550 1107 1630 septem?

259 1649 340 1708 Num
350 1666 489 1727 gemmas,
505 1666 579 1727 quas
589 1647 692 1727 vulgus
706 1650 792 1708 avet?
810 1648 891 1708 Num
906 1658 1015 1708 caetera
1030 1643 1108 1727 plebi
1124 1669 1164 1721 373

256 1745 477 1807 Accumuianda
491 1747 597 1807 novae?
613 1746 695 1826 Quae
709 1746 732 1806 si
748 1745 876 1806 fortassis
890 1743 998 1826 adepta

256 1843 342 1905 Sorte
358 1844 411 1904 fuit
426 1844 526 1925 patria,
546 1843 649 1904 fratres
663 1843 757 1904 divisit
772 1843 800 1903 in
816 1843 904 1924 ipsos,

258 1942 312 2001 Vei
326 1940 408 2003 dedit
422 1940 533 2002 haeredi
548 1941 592 2002 vel
607 1940 716 2022 templa
729 1941 841 2002 ornavit
854 1952 885 2002 et
899 1939 978 2001 orbis

261 2039 504 2120 Pauperibusque
518 2039 609 2100 dedit.
630 2040 690 2100 Pro
703 2056 735 2100 se
751 2036 821 2099 nihil
834 2039 880 2099 illa
894 2039 1011 2120 cupivit,

261 2137 310 2196 Nil
326 2136 400 2197 ultra
413 2137 535 2217 appetiit
549 2136 673 2197 minimis
687 2148 827 2197 contenta
841 2136 986 2196 ministris.
1125 2149 1170 2209 380

257 2232 381 2313 Semper
395 2234 424 2292 in
439 2251 491 2293 ore
505 2233 580 2294 deus
596 2233 649 2294 fuit
663 2233 757 2307 huius,
777 2233 889 2312 ubique
904 2233 1036 2294 modeste

258 2331 344 2402 Vixit,
364 2332 402 2390 ita
416 2331 446 2390 in
457 2331 520 2392 solo
531 2331 576 2392 vel
586 2333 783 2392 concomitata
796 2331 892 2404 cubili,

262 2429 306 2489 Ut
320 2429 343 2487 si
358 2428 433 2489 iorte
448 2429 513 2490 foro
528 2429 556 2488 in
572 2429 670 2489 medio
684 2428 846 2510 spectanda
861 2428 971 2502 fuisset,

259 2525 438 2605 vaniloquas
453 2527 508 2587 sert
523 2527 599 2587 sama
614 2545 705 2588 nurus
720 2526 789 2587 nihii
803 2545 869 2587 esse
884 2526 996 2587 locutas

263 2624 405 2702 Unquam
420 2624 496 2684 inter
509 2642 584 2698 sese,
602 2643 780 2704 quamquam
795 2625 978 2685 committere
992 2624 1081 2684 risum
1127 2638 1168 2700 3⁸5

262 2721 350 2781 Dicta
365 2732 484 2801 queant.
502 2723 539 2782 At
555 2724 644 2783 lsotta
657 2723 729 2784 deas
743 2723 852 2783 imitata
866 2722 987 2803 priores,

261 2818 363 2879 Gratia
377 2838 451 2898 quas
468 2820 576 2881 Mariae
590 2838 712 2901 superas
726 2820 822 2880 evexit
835 2819 873 2880 ad
887 2837 979 2893 arces,

260 2916 431 2995 vaniloquis
448 2936 598 2996 nunquam
614 2917 667 2977 suit
680 2916 827 2978 obiectata
840 2916 973 2989 susurris,

263 3014 419 3075 Murmura
433 3016 617 3096 contempsit,
637 3015 705 3075 nihil
720 3015 887 3076 iracundius
902 3033 1026 3094 usquam

263 3112 426 3186 Detestata,
446 3112 520 3174 mala
534 3132 622 3193 quarn
637 3114 660 3174 si
675 3131 764 3193 quem
780 3130 912 3194 pungere
927 3112 1003 3173 fama
1129 3137 1173 3186 ³90

260 3210 391 3284 Audiret,
411 3210 483 3272 falso
497 3210 600 3272 dicens
613 3229 649 3272 ea
663 3210 729 3273 ficta
744 3211 841 3286 fuisse,

261 3309 343 3388 Quae
358 3311 380 3369 si
395 3327 463 3369 vera
477 3309 582 3383 forent,
600 3320 694 3371 castas
707 3309 834 3371 tacuisse
843 3309 965 3380 decere;

310 3575 374 3640 (37¹)
391 3577 478 3638 quem
498 3577 525 3624 v.
559 3575 624 3641 (37⁶)
641 3576 721 3639 Quod
742 3577 769 3625 v.
804 3576 869 3640 (ωε)
884 3576 1038 3626 ausurae.
