2820 4680
656 591 714 659 ²57

257 775 364 836 esum,
393 776 436 822 ne
456 749 501 823 od
519 749 592 823 eius
609 748 861 822 similitudinem
880 747 1107 843 pervenirent,

257 863 379 961 sicque
396 864 476 938 durn
504 888 567 961 per
591 887 686 937 esum
714 863 793 962 ligni
819 863 913 936 vetiti
939 863 1108 961 consequi

257 978 363 1052 voluit
400 978 457 1052 dei
486 977 752 1067 similitudinem,
778 978 940 1074 superbia
965 977 1038 1052 eius
1063 977 1107 1052 od

258 1097 327 1169 hoc
344 1118 383 1168 se
404 1093 524 1184 erexit,
551 1093 647 1192 quod
668 1110 791 1168 contro
816 1093 873 1167 dei
899 1096 1108 1168 voluntatem

256 1207 384 1306 aliquid
410 1208 517 1282 voluit
540 1209 717 1296 obtinere;
744 1209 794 1280 vir
811 1233 879 1281 non
899 1208 945 1282 ito
962 1207 1109 1283 credidit
1142 1251 1150 1299 ς

258 1347 372 1420 neque
389 1324 495 1397 voluit
511 1323 680 1421 consequi
694 1323 840 1397 divinum
855 1321 1107 1415 similitudinem

259 1456 381 1513 contra
397 1439 454 1514 dei
473 1442 695 1529 voluntatem,
714 1439 775 1513 sed
803 1439 835 1512 in
855 1441 923 1512 hoc
940 1441 1109 1537 superbus

256 1555 378 1644 extitit,
406 1555 501 1651 quod
529 1554 634 1629 voluit
667 1579 742 1628 eom
778 1554 946 1652 consequi
982 1580 1044 1652 per
1068 1579 1107 1629 se

257 1672 378 1769 ipsum,
403 1713 447 1724 -
475 1688 544 1744 turn
571 1670 652 1768 quia
677 1670 795 1744 mulier
822 1695 889 1744 non
906 1672 1015 1744 solum
1035 1670 1109 1769 ipsu

258 1787 427 1883 peccavit,
462 1786 524 1860 sed
559 1784 632 1859 viro
658 1784 759 1859 etium
790 1785 970 1884 suggessit,
1000 1810 1107 1883 quare
1125 1832 1154 1867 10

259 1901 417 1999 peccavit
443 1903 475 1975 in
502 1902 603 1976 deum
631 1919 666 1975 et
693 1901 724 1975 in
753 1901 935 1975 hominem.
965 1903 1109 2000 Maneat

256 2017 386 2090 interim
407 2017 590 2114 unicuique
609 2017 658 2092 ius
677 2017 843 2117 integrum
861 2015 1029 2114 quidquid
1047 2045 1108 2092 vo·

257 2133 308 2207 bis
337 2132 543 2231 superfuerit
571 2132 780 2222 adducendi,
806 2133 921 2207 donec
940 2134 1105 2232 reliquum

254 2246 323 2322 diei
364 2247 508 2345 spatium
536 2248 747 2346 perlatione
781 2251 859 2322 loco
892 2251 1106 2324 ambulantes

257 2387 365 2460 usque
386 2365 450 2437 sub
467 2387 607 2437 coenam
624 2363 922 2461 absumpserimus.

305 3698 366 3740 trote
381 3693 489 3751 Noguroloe
503 3698 578 3750 Operm
590 3693 616 3736 ΙΙ.
