2820 4680
876 559 931 620 370

477 712 528 772 Da
542 709 642 772 mortis
656 709 822 771 meminisse
835 719 905 783 tuae,
923 727 991 771 cum
1006 707 1125 771 vulnera
1140 726 1247 789 passus

417 830 458 879 ης
473 808 559 870 Saeva
580 826 613 870 es
636 827 690 889 pro
710 807 804 869 nobis.
824 809 903 869 Nam
918 818 947 869 te
962 825 1023 886 quo
1036 807 1157 867 crimine
1172 806 1336 887 quisquam

476 906 640 977 Damnarit‚
658 905 706 966 cui
722 903 818 966 nullus
831 915 894 966 erat
909 905 962 965 nisi
978 904 1104 965 numinis
1117 903 1228 964 ardori

516 1003 595 1063 Haec
608 1003 647 1063 ait
661 1012 692 1063 et
706 1000 805 1083 plures
820 1001 957 1083 precibus
972 1013 1134 1081 noctesque
1148 999 1277 1081 diesque

473 1101 668 1181 Consumpsit
681 1098 787 1161 devota
800 1099 868 1173 deo,
886 1118 974 1178 quam
997 1097 1130 1159 mollibus
1144 1117 1219 1159 auro

473 1198 656 1279 Compositis
669 1197 752 1259 lectis
765 1209 795 1258 et
808 1197 902 1258 somni
916 1196 1044 1259 tristibus
1056 1196 1173 1258 umbris.

416 1320 460 1367 130
472 1297 516 1357 Ac
529 1295 617 1356 veluti
631 1294 769 1356 ardentes
783 1305 885 1356 sancto
899 1293 954 1356 sub
969 1306 1089 1375 pectore
1104 1293 1235 1356 flammas

475 1395 630 1465 lnsereret‚
655 1392 685 1452 fit
702 1393 791 1453 lsotta
805 1392 844 1473 pii
859 1391 1025 1473 plenissima
1038 1392 1148 1454 Christi

476 1491 514 1550 Et
530 1489 598 1550 nihil
612 1501 658 1550 est
671 1488 749 1550 aliud
764 1500 830 1570 post
851 1488 917 1549 haec
931 1490 978 1570 pia
991 1488 1080 1550 verba
1094 1500 1213 1570 precata

472 1587 561 1669 Saepe
583 1589 689 1661 lovem,
708 1604 881 1666 quamque
895 1587 1008 1648 monuit
1021 1587 1180 1648 castissima
1196 1589 1339 1653 Phoebes

473 1685 532 1747 Seu
547 1687 647 1747 Vestae
661 1685 709 1747 lex
722 1685 798 1745 alma
813 1703 905 1746 nutus
918 1685 1098 1746 sanctissima
1110 1696 1244 1760 cunctas,

415 1807 456 1859 ης
474 1783 574 1863 Quam
589 1801 658 1863 quae
676 1782 833 1863 virginibus
849 1782 957 1844 Mariae
972 1783 1114 1864 praecepit
1128 1782 1262 1845 honestis

474 1882 647 1962 Incorrupta
660 1880 742 1953 fides,
761 1880 867 1941 meruit
880 1897 949 1960 quae
962 1880 1039 1941 serre
1049 1879 1105 1941 sub
1118 1878 1181 1940 alvo

475 1979 665 2058 Progenitum
679 1979 783 2040 virtute
798 1978 896 2059 patris.
917 1979 985 2039 Nec
1002 1980 1091 2040 lsotta
1103 1990 1205 2060 putate

472 2076 578 2157 Coepit
591 2095 668 2157 opus
682 2094 819 2156 magnum
835 2087 919 2137 natos
934 2077 1085 2158 peperisse
1100 2078 1212 2157 parenti

471 2172 501 2234 Si
516 2173 620 2234 mulier
633 2173 733 2248 nubat,
750 2192 818 2235 cum
833 2173 912 2234 nulla
924 2174 1080 2235 animantia
1097 2184 1234 2237 constent

414 2297 459 2345 140
474 2272 566 2332 Bruta
579 2271 647 2332 licet
661 2271 750 2335 suetus
764 2289 834 2353 quae
849 2291 909 2333 non
924 2282 1056 2333 tutentur
1070 2271 1192 2334 alendos

474 2369 589 2430 Natura
603 2369 755 2450 praebente
768 2388 880 2432 manus.
898 2369 958 2432 Sed
973 2369 1102 2431 subdere
1116 2371 1213 2432 carnis

473 2467 620 2529 Pruritum
635 2468 750 2529 miserae
764 2478 874 2529 sanctae
888 2468 1006 2529 rationis
1020 2468 1151 2542 habenis,

473 2565 544 2626 Hoc
557 2583 633 2647 opus
646 2565 794 2627 excellens
809 2578 922 2627 naturae
937 2585 1059 2628 munera
1077 2586 1165 2649 supra

471 2663 607 2724 Censuit.
629 2663 803 2744 Exemplum
821 2664 928 2725 Mariae
943 2665 1073 2726 mirabile
1087 2675 1206 2737 sanctae,

412 2784 454 2836 ¹45
470 2761 552 2841 Quae
565 2780 743 2841 quamquam
758 2763 865 2843 nupsit,
882 2762 938 2824 sub
950 2764 1111 2844 virginitate
1125 2773 1238 2824 morata

471 2859 643 2939 lneorrupta
655 2868 754 2919 tamen
768 2858 847 2921 iussu
860 2861 955 2940 gravis
967 2872 1032 2922 acta
1044 2861 1171 2923 tonantis

467 2956 604 3017 hetherei
624 2957 747 3038 peperit,
761 2958 869 3019 miracli
881 2958 974 3039 gratia
984 2959 1046 3031 soli,

468 3053 551 3133 Quae
564 3071 706 3115 concessa
718 3055 809 3115 semel
824 3055 953 3137 nullique
967 3057 1002 3118 sit
1016 3057 1085 3118 inde
1099 3056 1237 3139 petenda.

471 3150 562 3213 Haud
570 3162 667 3213 movet
674 3152 749 3214 hanc
759 3171 815 3214 nec
823 3166 921 3235 sperat
929 3173 994 3215 eam
1010 3155 1180 3217 nechabere
1189 3156 1326 3218 maritum

319 3298 329 3305 ..
411 3271 456 3323 150
468 3248 537 3310 Vult
550 3249 636 3310 alium
651 3269 740 3329 quam
754 3269 843 3331 quem
857 3253 954 3314 statuit
969 3265 1072 3315 natura
1084 3251 1252 3327 colendum,

515 3426 580 3491 (ης)
603 3428 705 3478 Phoebe
733 3429 761 3477 V.
804 3428 868 3492 (ης)
885 3429 1023 3493 Quamque
1043 3431 1071 3479 V.
1115 3429 1180 3497 (1⁴0)
1196 3431 1272 3482 letus
1293 3435 1323 3483 V.

470 3512 535 3572 (150)
552 3523 709 3573 quemquem
726 3510 780 3562 CV.
