2820 4680
647 884 807 959 LXXIV.

601 1148 753 1225 (Brixiae.
773 1149 853 1213 1453.)

298 1376 353 1428 Non
368 1380 426 1428 nunt
440 1384 530 1444 semper
538 1379 655 1431 servanda
663 1379 788 1444 premissa.
807 1383 873 1432 iaus
882 1381 994 1432 oratrbni's
1005 1383 1148 1447 Hieronymi.

272 1646 281 1698 ς
340 1605 523 1682 Ludon'cus
532 1609 735 1681 fiscannus
751 1608 869 1681 Yxotae
881 1605 1060 1705 Nogaroiae
1075 1608 1108 1679 S.

483 1887 582 1972 nn'rs
598 1897 738 1972 dicendi
751 1897 783 1971 vi
802 1897 1050 1973 iniustissimam
1069 1923 1150 1974 cau·

507 2037 577 2088 sam
597 2014 712 2105 tueris,
731 2011 827 2113 quod
845 2038 901 2087 me
920 2013 952 2086 in
979 2016 1071 2089 bona
1088 2015 1150 2089 de-

507 2130 613 2204 iicere
644 2153 789 2204 necesse
817 2145 887 2218 est;
916 2129 1032 2228 itaque
1057 2129 1151 2204 cedo

297 2242 359 2318 tibi
372 2245 498 2335 omnia,
509 2243 700 2319 dummodo
715 2270 783 2318 non
796 2242 920 2318 credas
934 2269 990 2319 me
1003 2244 1151 2319 redeun-

255 2373 367 2433 rotem
386 2359 572 2458 obligatum
596 2360 671 2434 sore
697 2361 895 2458 persolvere
921 2360 1017 2460 quod
1043 2364 1150 2435 semel

298 2474 370 2567 tibi,
385 2475 481 2550 matri
495 2491 531 2549 et
548 2474 705 2550 iratribus
722 2475 895 2574 pollicitus
912 2502 996 2549 sum.
1016 2476 1152 2575 Scripta

297 2615 381 2665 vero
400 2608 456 2665 tua
472 2589 567 2664 edita
583 2607 620 2664 et
643 2589 725 2665 data
742 2590 823 2664 mihi
848 2589 1041 2665 discedenti
1068 2590 1149 2665 dum

298 2703 363 2778 iam
398 2704 528 2780 futurus
556 2730 741 2781 successor
765 2709 1001 2781 Veronensem
1030 2709 1148 2782 urbem

298 2821 533 2921 ingrederetur
553 2823 622 2898 scis
642 2822 735 2898 omni
761 2822 913 2897 caruisse
931 2821 1010 2898 fide.
1031 2826 1150 2923 {taque

256 2973 281 3026 ις
297 2940 352 3011 vei
361 2938 461 3013 soluti
480 2937 588 3013 debiti
603 2938 675 3013 iure
692 2941 746 3013 vel
765 2938 856 3038 quia,
874 2939 901 3013 si
921 2956 956 3012 te
969 2939 1001 3012 in
1017 2942 1150 3016 honore

297 3079 367 3128 non
385 3055 559 3146 haberem,
570 3079 708 3154 possem
718 3053 825 3129 veteri
835 3054 1022 3153 proverbio
1031 3054 1150 3130 dicere

298 3168 401 3246 fidem
420 3171 546 3246 infideli
565 3196 631 3246 nec
649 3170 721 3246 dari
745 3196 811 3246 nec
827 3172 964 3263 servari,
982 3175 1036 3246 vei
1062 3198 1150 3272 quo·

298 3286 387 3362 niam
404 3287 471 3363 alia
487 3286 647 3387 quaedanr
666 3312 729 3363 nos
751 3287 939 3363 necessitas
966 3306 1075 3388 urget,
1094 3315 1151 3364 me

343 3472 390 3521 Νι.
411 3472 462 3532 308.
497 3470 548 3536 (ιο)
574 3486 624 3535 per
639 3475 791 3535 persolvere
814 3471 844 3522 C.
886 3470 936 3536 (υ)
958 3472 1099 3523 dissedenti
1118 3473 1149 3524 C.

298 3550 348 3616 (¹4)
366 3552 429 3616 ingr.
447 3552 482 3602 sis
496 3551 527 3603 G
