2820 4680
655 573 692 633 30

246 725 496 824 significatione
514 725 651 822 alligari.
676 727 776 826 Quas
789 725 838 798 ob
852 748 905 798 res
923 726 984 799 has
1003 749 1096 799 meas

246 843 328 915 licet
345 840 509 915 semineus
526 858 562 914 et
588 841 731 914 incultas
752 840 880 915 litteras
898 838 942 914 ad
960 855 996 914 te
1013 839 1097 915 dare

247 956 407 1031 constitui
427 958 555 1031 malens
581 955 760 1053 impudens
786 971 821 1029 et
848 957 975 1052 loquax
993 980 1096 1054 quam

247 1072 377 1171 ingrata
399 1070 550 1159 iudicari,
579 1096 646 1144 non
673 1069 833 1145 dubitans
859 1087 893 1144 te
923 1095 983 1144 eas
1001 1069 1108 1145 hilari

221 1189 350 1276 stultu,
377 1189 458 1260 laeto
479 1184 600 1275 corde,
632 1210 696 1283 pro
727 1201 784 1258 tua
814 1184 1023 1259 humanitate
1052 1207 1096 1260 ac

247 1302 279 1376 in
306 1327 361 1376 me
396 1301 627 1376 benivolentia
662 1316 834 1398 tamquam
870 1325 959 1375 meae
994 1299 1026 1374 in
1061 1316 1098 1377 te

246 1417 447 1492 reverentiae
476 1433 512 1491 et
536 1416 749 1515 gratitudinis
770 1431 894 1490 testem
916 1431 1096 1513 susceptu·

246 1558 330 1622 rum,
356 1556 460 1629 quern
482 1557 525 1606 ea
551 1548 669 1606 natura
693 1548 860 1622 asserunt,
899 1531 996 1629 quod
1027 1556 1096 1605 non

244 1648 460 1722 simulatione
473 1664 509 1721 et
527 1647 610 1721 ficto
627 1672 788 1721 sermone
807 1647 980 1722 hominum
999 1646 1097 1721 beni·

205 1794 232 1830 to
245 1762 428 1837 volentiam
455 1779 490 1837 et
515 1762 657 1860 gloriam
684 1761 853 1859 consequi
880 1763 973 1837 velis.
1002 1765 1096 1837 Inte

246 1881 336 1954 nulla
364 1878 518 1967 ambitio,
549 1879 639 1952 nulla
669 1878 776 1952 inanis
805 1877 1002 1968 ostentati0,
1032 1876 1097 1953 sed

245 2019 393 2091 semper,
422 2011 458 2068 ut
483 1994 591 2091 inquit
616 1994 684 2083 ille,
710 1993 925 2092 aequabilitas
951 1993 983 2067 in
1001 1991 1095 2068 omni

245 2110 324 2199 vita,
343 2108 433 2183 idern
451 2134 576 2199 sermo,
595 2109 685 2183 idem
703 2109 846 2199 animus,
866 2108 956 2183 idem
973 2112 1095 2200 vultus,

246 2225 369 2300 eadem
396 2225 500 2314 frons,
528 2225 623 2323 quod
641 2225 687 2299 de
705 2225 943 2322 Epaminonda
960 2224 1095 2324 legitur,

205 2371 230 2420 rr
247 2340 304 2439 qui
331 2340 417 2414 inter
434 2358 569 2415 ceteras
586 2340 726 2415 virtutes
742 2340 833 2415 adeo
851 2339 1001 2414 veritatis
1019 2339 1096 2414 dili·

245 2480 330 2554 gens
360 2455 432 2545 suit,
463 2473 499 2529 ut
528 2480 572 2529 ne
603 2456 684 2530 ioco
713 2455 853 2553 quidem
884 2455 1094 2531 mentiretur.

248 2573 357 2646 Beata
381 2571 543 2670 prosectu
568 2596 623 2645 res
645 2572 783 2668 publica
801 2588 925 2661 nostra,
945 2571 973 2646 si
990 2573 1095 2647 talem

244 2711 382 2785 semper
400 2705 500 2762 nacta
525 2704 618 2761 esset
635 2704 818 2784 praetorem
836 2711 879 2762 ac
897 2689 1094 2785 parentem!

245 2803 644 2878 UndebenedixitPlato
653 2820 689 2876 et
698 2804 829 2878 Cicero
839 2803 1002 2894 meminit,
1012 2804 1096 2879 bea·

201 2952 232 2987 ιο
245 2933 296 2992 tas
305 2918 380 2992 fore
389 2943 444 2992 res
454 2918 620 3017 publicas,
630 2917 657 2992 si
666 2918 840 3016 sapientes
848 2943 908 2994 eas
921 2934 1094 3017 regerent,

291 3138 325 3202 (ς)
334 3139 438 3187 mallens
447 3138 508 3187 MV.
535 3138 684 3201 imprudens
699 3139 726 3187 V.
760 3137 795 3206 (4)
806 3146 833 3188 te
845 3140 889 3188 has
903 3139 931 3186 V.
965 3138 1028 3188 illari
1037 3127 1103 3190 CV.v

243 3217 278 3281 (6)
294 3217 318 3266 in
334 3225 434 3266 meam.
453 3216 483 3267 c
517 3216 551 3279 (7)
568 3225 649 3267 testes
665 3218 703 3268 Μ.
744 3216 779 3280 (Β)
796 3231 828 3268 ea
844 3218 942 3279 natura]
964 3216 1045 3268 eant
1061 3217 1093 3280 C.

244 3305 375 3348 etvestroe
389 3298 583 3357 nneanarnv.
618 3296 668 3361 (ιο)
691 3311 722 3349 ac
746 3300 778 3362 gl.
806 3298 836 3348 C.
870 3298 920 3363 (ιι)
946 3299 1042 3350 inannis
1061 3297 1093 3350 Ω

243 3378 311 3427 obst
334 3377 361 3425 V.
395 3384 435 3426 set
454 3377 482 3427 V.
516 3375 566 3439 (ιι)
588 3377 676 3440 inquid
703 3378 731 3435 V,
755 3378 817 3428 dicit
841 3378 871 3429 0
904 3378 1037 3442 equalitas
1053 3378 1093 3431 Μ.

244 3458 354 3509 omnium
375 3458 402 3505 V.
437 3457 487 3521 (14)
503 3457 676 3521 Epaminonda
693 3458 723 3509 G
757 3458 807 3521 (18)
820 3469 877 3508 nata
891 3459 920 3509 V.
953 3467 980 3508 et
994 3458 1092 3522 μὴν.
1136 3451 1139 3457 ’

244 3537 410 3601 (totetJutt
442 3537 641 3601 (amoime.
757 3549 760 3555 ·
