<?xml version="1.0" encoding="UTF-8"?>
<!DOCTYPE html PUBLIC "-//W3C//DTD XHTML 1.0 Transitional//EN"
    "http://www.w3.org/TR/xhtml1/DTD/xhtml1-transitional.dtd">
<html xmlns="http://www.w3.org/1999/xhtml" xml:lang="en" lang="en">
 <head>
  <title>
</title>
<meta http-equiv="Content-Type" content="text/html;charset=utf-8" />
  <meta name='ocr-system' content='tesseract 3.04.00' />
  <meta name='ocr-capabilities' content='ocr_page ocr_carea ocr_par ocr_line ocrx_word'/>
</head>
<body>
  <div class='ocr_page' id='page_1' title='image "./isotnogarolvero01nogagoog/isotnogarolvero01nogagoog_0441.png"; bbox 0 0 2820 4680; ppageno 0'>
   <div class='ocr_carea' id='block_1_1' title="bbox 702 585 762 646">
    <p class='ocr_par' dir='ltr' id='par_1_1' title="bbox 702 585 762 646">
     <span class='ocr_line' id='line_1_1' title="bbox 702 585 762 646; baseline 0.017 -3"><span class='ocrx_word' id='word_1_1' title='bbox 702 585 762 646; x_wconf 75' lang='lat'>43⁴</span> 
     </span>
    </p>
   </div>
   <div class='ocr_carea' id='block_1_2' title="bbox 256 736 1160 3610">
    <p class='ocr_par' dir='ltr' id='par_1_2' title="bbox 256 736 1160 3610">
     <span class='ocr_line' id='line_1_2' title="bbox 292 736 1154 836; baseline 0.001 -26"><span class='ocrx_word' id='word_1_2' title='bbox 292 762 348 810; x_wconf 91' lang='lat' dir='ltr'>me</span> <span class='ocrx_word' id='word_1_3' title='bbox 365 736 485 834; x_wconf 85' lang='lat' dir='ltr'>insigni</span> <span class='ocrx_word' id='word_1_4' title='bbox 507 736 626 812; x_wconf 88' lang='lat' dir='ltr'>iniuria</span> <span class='ocrx_word' id='word_1_5' title='bbox 635 736 823 826; x_wconf 81' lang='lat' dir='ltr'>lacessitus,</span> <span class='ocrx_word' id='word_1_6' title='bbox 841 737 892 812; x_wconf 93' lang='lat' dir='ltr'>sic</span> <span class='ocrx_word' id='word_1_7' title='bbox 909 737 1099 836; x_wconf 83' lang='lat' dir='ltr'>asperrime</span> <span class='ocrx_word' id='word_1_8' title='bbox 1119 737 1154 811; x_wconf 94' lang='lat' dir='ltr'>in</span> 
     </span>
     <span class='ocr_line' id='line_1_3' title="bbox 293 850 1155 950; baseline 0.003 -27"><span class='ocrx_word' id='word_1_9' title='bbox 293 876 349 924; x_wconf 93' lang='lat' dir='ltr'>me</span> <span class='ocrx_word' id='word_1_10' title='bbox 358 851 405 925; x_wconf 87' lang='lat' dir='ltr'>tui</span> <span class='ocrx_word' id='word_1_11' title='bbox 415 850 1014 950; x_wconf 86' lang='lat' dir='ltr'>amantissimamquodammodoper</span> <span class='ocrx_word' id='word_1_12' title='bbox 1023 851 1155 926; x_wconf 81' lang='lat' dir='ltr'>litteras</span> 
     </span>
     <span class='ocr_line' id='line_1_4' title="bbox 295 966 1155 1066; baseline 0.003 -27"><span class='ocrx_word' id='word_1_13' title='bbox 295 966 450 1041; x_wconf 85' lang='lat' dir='ltr'>invectus</span> <span class='ocrx_word' id='word_1_14' title='bbox 467 991 516 1041; x_wconf 90' lang='lat' dir='ltr'>es.</span> <span class='ocrx_word' id='word_1_15' title='bbox 536 967 596 1040; x_wconf 81' lang='lat' dir='ltr'>Ais</span> <span class='ocrx_word' id='word_1_16' title='bbox 613 966 704 1041; x_wconf 93' lang='lat' dir='ltr'>enim</span> <span class='ocrx_word' id='word_1_17' title='bbox 724 967 757 1040; x_wconf 93' lang='lat' dir='ltr'>in</span> <span class='ocrx_word' id='word_1_18' title='bbox 774 967 1009 1066; x_wconf 89' lang='lat' dir='ltr'>superioribus</span> <span class='ocrx_word' id='word_1_19' title='bbox 1031 967 1155 1042; x_wconf 81' lang='lat' dir='ltr'>litteris</span> 
     </span>
     <span class='ocr_line' id='line_1_5' title="bbox 295 1081 1157 1182; baseline 0 -24"><span class='ocrx_word' id='word_1_20' title='bbox 295 1109 372 1158; x_wconf 89' lang='lat' dir='ltr'>cum</span> <span class='ocrx_word' id='word_1_21' title='bbox 383 1081 518 1157; x_wconf 93' lang='lat' dir='ltr'>sismihi</span> <span class='ocrx_word' id='word_1_22' title='bbox 529 1099 656 1182; x_wconf 81' lang='lat' dir='ltr'>praeter</span> <span class='ocrx_word' id='word_1_23' title='bbox 665 1081 804 1158; x_wconf 92' lang='lat' dir='ltr'>modum</span> <span class='ocrx_word' id='word_1_24' title='bbox 815 1083 1038 1172; x_wconf 87' lang='lat' dir='ltr'>carus,dulcis</span> <span class='ocrx_word' id='word_1_25' title='bbox 1047 1099 1157 1182; x_wconf 82' lang='lat' dir='ltr'>atque</span> 
     </span>
     <span class='ocr_line' id='line_1_6' title="bbox 268 1197 1155 1295; baseline 0.001 -23"><span class='ocrx_word' id='word_1_26' title='bbox 268 1235 278 1286; x_wconf 76' lang='grc' dir='ltr'><strong>ς</strong></span> <span class='ocrx_word' id='word_1_27' title='bbox 296 1197 474 1289; x_wconf 86' lang='lat' dir='ltr'>iucundus,</span> <span class='ocrx_word' id='word_1_28' title='bbox 490 1224 557 1289; x_wconf 87' lang='lat' dir='ltr'>me,</span> <span class='ocrx_word' id='word_1_29' title='bbox 570 1197 720 1289; x_wconf 82' lang='lat' dir='ltr'>Andrea‚</span> <span class='ocrx_word' id='word_1_30' title='bbox 734 1199 817 1274; x_wconf 86' lang='lat' dir='ltr'>tanti</span> <span class='ocrx_word' id='word_1_31' title='bbox 832 1199 949 1273; x_wconf 82' lang='lat' dir='ltr'>facere</span> <span class='ocrx_word' id='word_1_32' title='bbox 963 1198 1080 1295; x_wconf 88' lang='lat' dir='ltr'>quanti</span> <span class='ocrx_word' id='word_1_33' title='bbox 1095 1226 1155 1273; x_wconf 90' lang='lat' dir='ltr'>so-</span> 
     </span>
     <span class='ocr_line' id='line_1_7' title="bbox 295 1314 1155 1415; baseline 0.001 -28"><span class='ocrx_word' id='word_1_34' title='bbox 295 1317 343 1389; x_wconf 83' lang='lat' dir='ltr'>let</span> <span class='ocrx_word' id='word_1_35' title='bbox 367 1314 483 1415; x_wconf 87' lang='lat' dir='ltr'>aquila</span> <span class='ocrx_word' id='word_1_36' title='bbox 508 1338 652 1389; x_wconf 88' lang='lat' dir='ltr'>muscas.</span> <span class='ocrx_word' id='word_1_37' title='bbox 681 1316 764 1388; x_wconf 84' lang='lat' dir='ltr'>ltem</span> <span class='ocrx_word' id='word_1_38' title='bbox 792 1340 847 1388; x_wconf 92' lang='lat' dir='ltr'>me</span> <span class='ocrx_word' id='word_1_39' title='bbox 872 1338 1027 1404; x_wconf 80' lang='lat' dir='ltr'><strong>accusas,</strong></span> <span class='ocrx_word' id='word_1_40' title='bbox 1054 1315 1155 1413; x_wconf 92' lang='lat' dir='ltr'>quod</span> 
     </span>
     <span class='ocr_line' id='line_1_8' title="bbox 297 1429 1154 1530; baseline 0.001 -27"><span class='ocrx_word' id='word_1_41' title='bbox 297 1430 371 1529; x_wconf 89' lang='lat' dir='ltr'>ipsa</span> <span class='ocrx_word' id='word_1_42' title='bbox 388 1448 423 1504; x_wconf 88' lang='lat' dir='ltr'>te</span> <span class='ocrx_word' id='word_1_43' title='bbox 440 1453 606 1529; x_wconf 90' lang='lat' dir='ltr'>aspernor</span> <span class='ocrx_word' id='word_1_44' title='bbox 614 1429 758 1504; x_wconf 92' lang='lat' dir='ltr'>animosi</span> <span class='ocrx_word' id='word_1_45' title='bbox 776 1432 940 1529; x_wconf 85' lang='lat' dir='ltr'>exemplo</span> <span class='ocrx_word' id='word_1_46' title='bbox 949 1429 1071 1521; x_wconf 88' lang='lat' dir='ltr'>leonis,</span> <span class='ocrx_word' id='word_1_47' title='bbox 1092 1431 1154 1530; x_wconf 93' lang='lat' dir='ltr'>qui</span> 
     </span>
     <span class='ocr_line' id='line_1_9' title="bbox 297 1545 1156 1644; baseline 0 -25"><span class='ocrx_word' id='word_1_48' title='bbox 297 1545 469 1634; x_wconf 81' lang='lat' dir='ltr'>formicas,</span> <span class='ocrx_word' id='word_1_49' title='bbox 501 1563 536 1618; x_wconf 84' lang='lat' dir='ltr'>ut</span> <span class='ocrx_word' id='word_1_50' title='bbox 565 1545 671 1636; x_wconf 82' lang='lat' dir='ltr'>aiunt,</span> <span class='ocrx_word' id='word_1_51' title='bbox 702 1545 916 1644; x_wconf 82' lang='lat' dir='ltr'>contemptui</span> <span class='ocrx_word' id='word_1_52' title='bbox 944 1546 1058 1619; x_wconf 81' lang='lat' dir='ltr'>habet.</span> <span class='ocrx_word' id='word_1_53' title='bbox 1080 1546 1156 1621; x_wconf 85' lang='lat' dir='ltr'>Sed</span> 
     </span>
     <span class='ocr_line' id='line_1_10' title="bbox 297 1659 1156 1761; baseline 0 -26"><span class='ocrx_word' id='word_1_54' title='bbox 297 1686 395 1750; x_wconf 86' lang='lat' dir='ltr'>cave,</span> <span class='ocrx_word' id='word_1_55' title='bbox 417 1661 579 1750; x_wconf 88' lang='lat' dir='ltr'>obsecro,</span> <span class='ocrx_word' id='word_1_56' title='bbox 608 1686 651 1734; x_wconf 88' lang='lat' dir='ltr'>ne</span> <span class='ocrx_word' id='word_1_57' title='bbox 677 1660 793 1734; x_wconf 83' lang='lat' dir='ltr'>vitium</span> <span class='ocrx_word' id='word_1_58' title='bbox 821 1659 918 1761; x_wconf 92' lang='lat' dir='ltr'>quod</span> <span class='ocrx_word' id='word_1_59' title='bbox 944 1661 1004 1734; x_wconf 82' lang='lat' dir='ltr'>tibi</span> <span class='ocrx_word' id='word_1_60' title='bbox 1032 1677 1097 1752; x_wconf 86' lang='lat' dir='ltr'>est,</span> <span class='ocrx_word' id='word_1_61' title='bbox 1119 1680 1156 1735; x_wconf 82' lang='lat' dir='ltr'>ut</span> 
     </span>
     <span class='ocr_line' id='line_1_11' title="bbox 256 1775 1154 1876; baseline 0 -24"><span class='ocrx_word' id='word_1_62' title='bbox 256 1817 284 1852; x_wconf 80' lang='grc' dir='ltr'>ιο</span> <span class='ocrx_word' id='word_1_63' title='bbox 299 1775 415 1875; x_wconf 92' lang='lat' dir='ltr'>lepide</span> <span class='ocrx_word' id='word_1_64' title='bbox 438 1777 546 1874; x_wconf 86' lang='lat' dir='ltr'>inquit</span> <span class='ocrx_word' id='word_1_65' title='bbox 574 1778 725 1867; x_wconf 81' lang='lat' dir='ltr'>Plautus,</span> <span class='ocrx_word' id='word_1_66' title='bbox 752 1777 832 1849; x_wconf 94' lang='lat' dir='ltr'>mihi</span> <span class='ocrx_word' id='word_1_67' title='bbox 856 1776 1045 1876; x_wconf 85' lang='lat' dir='ltr'>praedices;</span> <span class='ocrx_word' id='word_1_68' title='bbox 1075 1804 1154 1852; x_wconf 92' lang='lat' dir='ltr'>nam</span> 
     </span>
     <span class='ocr_line' id='line_1_12' title="bbox 299 1891 1156 1993; baseline 0.002 -27"><span class='ocrx_word' id='word_1_69' title='bbox 299 1908 335 1967; x_wconf 86' lang='lat' dir='ltr'>ut</span> <span class='ocrx_word' id='word_1_70' title='bbox 348 1917 485 1989; x_wconf 87' lang='lat' dir='ltr'>semper</span> <span class='ocrx_word' id='word_1_71' title='bbox 503 1909 538 1966; x_wconf 87' lang='lat' dir='ltr'>tu</span> <span class='ocrx_word' id='word_1_72' title='bbox 553 1891 603 1965; x_wconf 90' lang='lat' dir='ltr'>vir</span> <span class='ocrx_word' id='word_1_73' title='bbox 616 1892 727 1989; x_wconf 87' lang='lat' dir='ltr'>magni</span> <span class='ocrx_word' id='word_1_74' title='bbox 738 1909 775 1966; x_wconf 81' lang='lat' dir='ltr'>et</span> <span class='ocrx_word' id='word_1_75' title='bbox 787 1893 916 1967; x_wconf 89' lang='lat' dir='ltr'>excelsi</span> <span class='ocrx_word' id='word_1_76' title='bbox 931 1894 1032 1967; x_wconf 89' lang='lat' dir='ltr'>animi</span> <span class='ocrx_word' id='word_1_77' title='bbox 1047 1919 1156 1993; x_wconf 84' lang='lat' dir='ltr'>prop</span> 
     </span>
     <span class='ocr_line' id='line_1_13' title="bbox 300 2007 1156 2107; baseline 0 -25"><span class='ocrx_word' id='word_1_78' title='bbox 300 2025 353 2082; x_wconf 82' lang='lat' dir='ltr'>ter</span> <span class='ocrx_word' id='word_1_79' title='bbox 386 2007 587 2105; x_wconf 85' lang='lat' dir='ltr'>dignitatem</span> <span class='ocrx_word' id='word_1_80' title='bbox 618 2026 654 2081; x_wconf 79' lang='lat' dir='ltr'>et</span> <span class='ocrx_word' id='word_1_81' title='bbox 683 2008 940 2107; x_wconf 89' lang='lat' dir='ltr'>amplitudinem</span> <span class='ocrx_word' id='word_1_82' title='bbox 976 2026 1066 2081; x_wconf 87' lang='lat' dir='ltr'>tuam</span> <span class='ocrx_word' id='word_1_83' title='bbox 1107 2009 1156 2082; x_wconf 82' lang='lat' dir='ltr'>tui</span> 
     </span>
     <span class='ocr_line' id='line_1_14' title="bbox 298 2121 1158 2212; baseline 0.001 -15"><span class='ocrx_word' id='word_1_84' title='bbox 298 2123 467 2212; x_wconf 85' lang='lat' dir='ltr'>similium,</span> <span class='ocrx_word' id='word_1_85' title='bbox 486 2122 520 2196; x_wconf 95' lang='lat' dir='ltr'>id</span> <span class='ocrx_word' id='word_1_86' title='bbox 538 2139 592 2197; x_wconf 86' lang='lat' dir='ltr'>est</span> <span class='ocrx_word' id='word_1_87' title='bbox 609 2121 826 2198; x_wconf 84' lang='lat' dir='ltr'>foeminarum</span> <span class='ocrx_word' id='word_1_88' title='bbox 849 2123 1022 2197; x_wconf 85' lang='lat' dir='ltr'>illustrium</span> <span class='ocrx_word' id='word_1_89' title='bbox 1036 2147 1158 2198; x_wconf 87' lang='lat' dir='ltr'>amore</span> 
     </span>
     <span class='ocr_line' id='line_1_15' title="bbox 300 2238 1157 2339; baseline 0 -27"><span class='ocrx_word' id='word_1_90' title='bbox 300 2238 458 2336; x_wconf 86' lang='lat' dir='ltr'>flagrasti,</span> <span class='ocrx_word' id='word_1_91' title='bbox 492 2239 574 2313; x_wconf 86' lang='lat' dir='ltr'>satis</span> <span class='ocrx_word' id='word_1_92' title='bbox 606 2239 764 2313; x_wconf 87' lang='lat' dir='ltr'>admirari</span> <span class='ocrx_word' id='word_1_93' title='bbox 798 2264 949 2339; x_wconf 86' lang='lat' dir='ltr'>nequeo,</span> <span class='ocrx_word' id='word_1_94' title='bbox 992 2238 1157 2337; x_wconf 83' lang='lat' dir='ltr'>quidnam</span> 
     </span>
     <span class='ocr_line' id='line_1_16' title="bbox 258 2354 1157 2452; baseline -0.001 -23"><span class='ocrx_word' id='word_1_95' title='bbox 258 2393 283 2444; x_wconf 76' lang='grc' dir='ltr'>ις</span> <span class='ocrx_word' id='word_1_96' title='bbox 301 2378 417 2427; x_wconf 87' lang='lat' dir='ltr'>causae</span> <span class='ocrx_word' id='word_1_97' title='bbox 434 2370 498 2444; x_wconf 82' lang='lat' dir='ltr'>est,</span> <span class='ocrx_word' id='word_1_98' title='bbox 517 2379 579 2428; x_wconf 93' lang='lat' dir='ltr'>cur</span> <span class='ocrx_word' id='word_1_99' title='bbox 591 2354 636 2428; x_wconf 90' lang='lat' dir='ltr'>ad</span> <span class='ocrx_word' id='word_1_100' title='bbox 655 2354 886 2429; x_wconf 86' lang='lat' dir='ltr'>mulierculam</span> <span class='ocrx_word' id='word_1_101' title='bbox 909 2356 1012 2452; x_wconf 86' lang='lat' dir='ltr'>longe</span> <span class='ocrx_word' id='word_1_102' title='bbox 1040 2354 1103 2428; x_wconf 86' lang='lat' dir='ltr'>illis</span> <span class='ocrx_word' id='word_1_103' title='bbox 1123 2355 1157 2428; x_wconf 94' lang='lat' dir='ltr'>in</span> 
     </span>
     <span class='ocr_line' id='line_1_17' title="bbox 301 2469 1156 2558; baseline 0 -14"><span class='ocrx_word' id='word_1_104' title='bbox 301 2469 460 2544; x_wconf 93' lang='lat' dir='ltr'>omnibus</span> <span class='ocrx_word' id='word_1_105' title='bbox 495 2469 702 2558; x_wconf 82' lang='lat' dir='ltr'>inferiorem,</span> <span class='ocrx_word' id='word_1_106' title='bbox 734 2470 780 2545; x_wconf 85' lang='lat' dir='ltr'>ita</span> <span class='ocrx_word' id='word_1_107' title='bbox 813 2469 974 2546; x_wconf 82' lang='lat' dir='ltr'>ardenter</span> <span class='ocrx_word' id='word_1_108' title='bbox 1006 2470 1156 2544; x_wconf 89' lang='lat' dir='ltr'>animum</span> 
     </span>
     <span class='ocr_line' id='line_1_18' title="bbox 303 2585 1158 2686; baseline 0.002 -26"><span class='ocrx_word' id='word_1_109' title='bbox 303 2603 395 2660; x_wconf 86' lang='lat' dir='ltr'>tuum</span> <span class='ocrx_word' id='word_1_110' title='bbox 426 2585 607 2673; x_wconf 83' lang='lat' dir='ltr'>adieceris,</span> <span class='ocrx_word' id='word_1_111' title='bbox 638 2611 716 2660; x_wconf 88' lang='lat' dir='ltr'>cum</span> <span class='ocrx_word' id='word_1_112' title='bbox 747 2586 821 2677; x_wconf 87' lang='lat' dir='ltr'>sim,</span> <span class='ocrx_word' id='word_1_113' title='bbox 849 2603 886 2660; x_wconf 82' lang='lat' dir='ltr'>ut</span> <span class='ocrx_word' id='word_1_114' title='bbox 914 2612 1158 2686; x_wconf 88' lang='lat' dir='ltr'>saepenumero</span> 
     </span>
     <span class='ocr_line' id='line_1_19' title="bbox 302 2700 1157 2803; baseline 0.001 -28"><span class='ocrx_word' id='word_1_115' title='bbox 302 2700 384 2791; x_wconf 82' lang='lat' dir='ltr'>dixi,</span> <span class='ocrx_word' id='word_1_116' title='bbox 412 2700 512 2775; x_wconf 88' lang='lat' dir='ltr'>valde</span> <span class='ocrx_word' id='word_1_117' title='bbox 538 2700 654 2800; x_wconf 82' lang='lat' dir='ltr'>dispar</span> <span class='ocrx_word' id='word_1_118' title='bbox 670 2718 707 2775; x_wconf 82' lang='lat' dir='ltr'>et</span> <span class='ocrx_word' id='word_1_119' title='bbox 724 2726 841 2801; x_wconf 92' lang='lat' dir='ltr'>parum</span> <span class='ocrx_word' id='word_1_120' title='bbox 860 2719 896 2776; x_wconf 81' lang='lat' dir='ltr'>te</span> <span class='ocrx_word' id='word_1_121' title='bbox 913 2702 1026 2800; x_wconf 85' lang='lat' dir='ltr'>digna</span> <span class='ocrx_word' id='word_1_122' title='bbox 1055 2701 1157 2803; x_wconf 86' lang='lat' dir='ltr'>Quid</span> 
     </span>
     <span class='ocr_line' id='line_1_20' title="bbox 303 2815 1158 2916; baseline 0 -25"><span class='ocrx_word' id='word_1_123' title='bbox 303 2815 399 2915; x_wconf 92' lang='lat' dir='ltr'>quod</span> <span class='ocrx_word' id='word_1_124' title='bbox 417 2816 450 2889; x_wconf 95' lang='lat' dir='ltr'>in</span> <span class='ocrx_word' id='word_1_125' title='bbox 468 2833 623 2892; x_wconf 86' lang='lat' dir='ltr'>extrema</span> <span class='ocrx_word' id='word_1_126' title='bbox 641 2817 765 2916; x_wconf 82' lang='lat' dir='ltr'>pagina</span> <span class='ocrx_word' id='word_1_127' title='bbox 785 2817 970 2916; x_wconf 88' lang='lat' dir='ltr'>superioris</span> <span class='ocrx_word' id='word_1_128' title='bbox 995 2816 1158 2916; x_wconf 70' lang='lat' dir='ltr'>epistolae</span> 
     </span>
     <span class='ocr_line' id='line_1_21' title="bbox 259 2931 1157 3030; baseline -0.002 -21"><span class='ocrx_word' id='word_1_129' title='bbox 259 2974 289 3009; x_wconf 69' lang='grc' dir='ltr'>ιο</span> <span class='ocrx_word' id='word_1_130' title='bbox 304 2931 384 3004; x_wconf 91' lang='lat' dir='ltr'>mihi</span> <span class='ocrx_word' id='word_1_131' title='bbox 402 2933 613 3030; x_wconf 87' lang='lat' dir='ltr'>exprobrare</span> <span class='ocrx_word' id='word_1_132' title='bbox 631 2958 699 3007; x_wconf 93' lang='lat' dir='ltr'>non</span> <span class='ocrx_word' id='word_1_133' title='bbox 721 2931 893 3023; x_wconf 79' lang='lat' dir='ltr'>dubitasti,</span> <span class='ocrx_word' id='word_1_134' title='bbox 920 2935 1057 3008; x_wconf 86' lang='lat' dir='ltr'>lsottam</span> <span class='ocrx_word' id='word_1_135' title='bbox 1086 2960 1157 3008; x_wconf 94' lang='lat' dir='ltr'>non</span> 
     </span>
     <span class='ocr_line' id='line_1_22' title="bbox 302 3046 1158 3139; baseline 0.002 -18"><span class='ocrx_word' id='word_1_136' title='bbox 302 3073 347 3121; x_wconf 91' lang='lat' dir='ltr'>ex</span> <span class='ocrx_word' id='word_1_137' title='bbox 364 3046 490 3137; x_wconf 87' lang='lat' dir='ltr'>animo,</span> <span class='ocrx_word' id='word_1_138' title='bbox 510 3073 578 3122; x_wconf 93' lang='lat' dir='ltr'>non</span> <span class='ocrx_word' id='word_1_139' title='bbox 596 3073 640 3122; x_wconf 91' lang='lat' dir='ltr'>ex</span> <span class='ocrx_word' id='word_1_140' title='bbox 653 3047 773 3139; x_wconf 85' lang='lat' dir='ltr'>corde,</span> <span class='ocrx_word' id='word_1_141' title='bbox 791 3047 854 3122; x_wconf 89' lang='lat' dir='ltr'>sed</span> <span class='ocrx_word' id='word_1_142' title='bbox 872 3049 963 3138; x_wconf 89' lang='lat' dir='ltr'>ficta,</span> <span class='ocrx_word' id='word_1_143' title='bbox 973 3047 1036 3122; x_wconf 91' lang='lat' dir='ltr'>sed</span> <span class='ocrx_word' id='word_1_144' title='bbox 1052 3048 1158 3123; x_wconf 91' lang='lat' dir='ltr'>simu-</span> 
     </span>
     <span class='ocr_line' id='line_1_23' title="bbox 304 3162 1158 3255; baseline 0.005 -21"><span class='ocrx_word' id='word_1_145' title='bbox 304 3165 371 3236; x_wconf 87' lang='lat' dir='ltr'>lata</span> <span class='ocrx_word' id='word_1_146' title='bbox 388 3178 504 3237; x_wconf 89' lang='lat' dir='ltr'>mente</span> <span class='ocrx_word' id='word_1_147' title='bbox 521 3188 664 3238; x_wconf 87' lang='lat' dir='ltr'>amasse.</span> <span class='ocrx_word' id='word_1_148' title='bbox 686 3162 747 3237; x_wconf 91' lang='lat' dir='ltr'>Dii</span> <span class='ocrx_word' id='word_1_149' title='bbox 762 3163 926 3255; x_wconf 83' lang='lat' dir='ltr'>lacerent,</span> <span class='ocrx_word' id='word_1_150' title='bbox 945 3182 981 3238; x_wconf 87' lang='lat' dir='ltr'>ut</span> <span class='ocrx_word' id='word_1_151' title='bbox 998 3189 1080 3237; x_wconf 89' lang='lat' dir='ltr'>vera</span> <span class='ocrx_word' id='word_1_152' title='bbox 1103 3163 1158 3238; x_wconf 92' lang='lat' dir='ltr'>di-</span> 
     </span>
     <span class='ocr_line' id='line_1_24' title="bbox 305 3278 1159 3378; baseline 0.005 -28"><span class='ocrx_word' id='word_1_153' title='bbox 305 3279 421 3352; x_wconf 81' lang='lat' dir='ltr'>ceres!</span> <span class='ocrx_word' id='word_1_154' title='bbox 444 3280 519 3353; x_wconf 90' lang='lat' dir='ltr'>Luo</span> <span class='ocrx_word' id='word_1_155' title='bbox 531 3279 621 3353; x_wconf 89' lang='lat' dir='ltr'>enim</span> <span class='ocrx_word' id='word_1_156' title='bbox 636 3279 669 3352; x_wconf 93' lang='lat' dir='ltr'>in</span> <span class='ocrx_word' id='word_1_157' title='bbox 683 3278 759 3354; x_wconf 91' lang='lat' dir='ltr'>dies</span> <span class='ocrx_word' id='word_1_158' title='bbox 772 3279 879 3378; x_wconf 87' lang='lat' dir='ltr'>magis</span> <span class='ocrx_word' id='word_1_159' title='bbox 895 3304 938 3354; x_wconf 93' lang='lat' dir='ltr'>ac</span> <span class='ocrx_word' id='word_1_160' title='bbox 952 3279 1059 3378; x_wconf 87' lang='lat' dir='ltr'>magis</span> <span class='ocrx_word' id='word_1_161' title='bbox 1077 3305 1159 3378; x_wconf 89' lang='lat' dir='ltr'>poe·</span> 
     </span>
     <span class='ocr_line' id='line_1_25' title="bbox 305 3394 1158 3494; baseline 0.007 -29"><span class='ocrx_word' id='word_1_162' title='bbox 305 3418 381 3466; x_wconf 93' lang='lat' dir='ltr'>nam</span> <span class='ocrx_word' id='word_1_163' title='bbox 409 3394 618 3470; x_wconf 88' lang='lat' dir='ltr'>incredibilis</span> <span class='ocrx_word' id='word_1_164' title='bbox 643 3395 769 3471; x_wconf 90' lang='lat' dir='ltr'>amoris</span> <span class='ocrx_word' id='word_1_165' title='bbox 787 3396 819 3469; x_wconf 94' lang='lat' dir='ltr'>in</span> <span class='ocrx_word' id='word_1_166' title='bbox 838 3414 872 3470; x_wconf 88' lang='lat' dir='ltr'>te</span> <span class='ocrx_word' id='word_1_167' title='bbox 890 3395 969 3487; x_wconf 91' lang='lat' dir='ltr'>mei,</span> <span class='ocrx_word' id='word_1_168' title='bbox 995 3421 1042 3469; x_wconf 92' lang='lat' dir='ltr'>eo</span> <span class='ocrx_word' id='word_1_169' title='bbox 1059 3395 1158 3494; x_wconf 92' lang='lat' dir='ltr'>quod</span> 
     </span>
     <span class='ocr_line' id='line_1_26' title="bbox 260 3509 1160 3610; baseline 0 -22"><span class='ocrx_word' id='word_1_170' title='bbox 260 3550 288 3601; x_wconf 80' lang='lat'>25</span> <span class='ocrx_word' id='word_1_171' title='bbox 305 3509 597 3608; x_wconf 89' lang='lat' dir='ltr'>quemadmodum</span> <span class='ocrx_word' id='word_1_172' title='bbox 632 3511 850 3610; x_wconf 88' lang='lat' dir='ltr'>perspicuum</span> <span class='ocrx_word' id='word_1_173' title='bbox 885 3526 949 3597; x_wconf 80' lang='lat' dir='ltr'>est,</span> <span class='ocrx_word' id='word_1_174' title='bbox 985 3526 1020 3585; x_wconf 81' lang='lat' dir='ltr'>te</span> <span class='ocrx_word' id='word_1_175' title='bbox 1055 3511 1160 3588; x_wconf 92' lang='lat' dir='ltr'>unice</span> 
     </span>
    </p>
   </div>
   <div class='ocr_carea' id='block_1_3' title="bbox 0 0 1421 4680">
    <p class='ocr_par' dir='ltr' id='par_1_3' title="bbox 0 0 1421 4680">
     <span class='ocr_line' id='line_1_27' title="bbox 0 0 1421 4680; baseline 0 0"><span class='ocrx_word' id='word_1_176' title='bbox 0 0 1421 4680; x_wconf 95' lang='lat' dir='ltr'> </span> 
     </span>
    </p>
   </div>
  </div>
 </body>
</html>
