2820 4680
709 594 763 665 308

303 790 380 837 nem
399 765 443 838 ab
460 764 553 837 omni
571 765 758 838 ambitione
775 790 903 840 vacuos
920 790 998 840 esse
1015 765 1165 855 debere,

301 895 445 956 econtra
461 896 574 953 autem
592 905 734 978 operam
752 880 846 970 dare,
865 897 902 955 ut
918 880 958 955 iis
972 884 1164 980 placerent,

302 995 360 1091 qui
370 1020 451 1069 vera
464 994 566 1069 laude
579 994 672 1093 digni
687 995 883 1069 existerent.
901 998 1041 1070 Memor
1055 1022 1162 1095 quam

304 1110 451 1185 maxime
476 1127 550 1184 erat
576 1111 813 1186 benefitiorum
840 1128 876 1185 et
904 1128 1001 1211 grata
1018 1111 1052 1185 in
1070 1112 1162 1203 illos,

277 1256 286 1299 x
303 1225 405 1323 quiin
419 1251 458 1300 se
471 1225 599 1324 aliquid
613 1226 839 1301 contulissent
851 1229 905 1301 vel
919 1252 957 1301 re
969 1228 1023 1301 vel
1036 1253 1161 1326 opere.

303 1343 514 1416 Constanter
541 1341 698 1416 iustitiam
726 1342 835 1416 coluit
859 1359 896 1416 et
926 1342 1160 1419 innocentiam

302 1457 496 1532 custodivit
526 1456 693 1532 Fecunda
718 1457 843 1548 liberis,
864 1458 1041 1557 praecipue
1058 1460 1161 1533 mari·

302 1574 376 1664 bus,
386 1574 539 1672 quinque
548 1573 675 1647 etenim
691 1573 836 1672 peperit.
852 1577 1012 1676 Quorum
1027 1574 1158 1672 primus

302 1688 440 1763 Maseus
449 1690 650 1786 appellatus,
665 1689 714 1762 vir
727 1689 900 1786 praestanti
914 1687 1062 1787 quadam
1076 1712 1159 1764 cor·

258 1840 288 1876 10
300 1803 393 1902 poris
415 1803 590 1902 dignitate.
618 1804 797 1879 Secundus
817 1806 950 1894 Petrus,
968 1804 1157 1879 excellenti

300 1919 440 2016 ingenio
464 1919 515 1993 vir
539 1919 734 2018 eximiaque
768 1920 890 1994 virtute
923 1945 966 1994 ac
1000 1919 1157 2018 magnifi-

299 2034 424 2125 centia,
443 2035 501 2134 qui
524 2035 647 2109 merito
672 2059 805 2110 suarum
831 2034 989 2109 virtutum
1015 2036 1152 2110 aPon-

300 2151 394 2225 tifice
421 2151 578 2225 Maximo
606 2152 716 2225 Paulo
741 2151 815 2225 eius
832 2150 978 2225 nominis
995 2150 1155 2226 secundo

299 2267 424 2341 eximia
449 2266 592 2341 affectus
619 2266 680 2341 fuit
706 2266 873 2365 dignitate
898 2291 964 2341 una
989 2291 1068 2340 cum
1087 2265 1156 2342 sra-

257 2416 283 2467 ις
299 2382 405 2456 tribus
430 2399 466 2456 et
491 2382 638 2481 posteris
663 2382 743 2473 suiS,
769 2382 866 2457 cuius
882 2381 1023 2481 quidem
1043 2382 1156 2480 pietas

299 2522 482 2596 numquam
502 2515 620 2597 posset
636 2497 717 2572 satis
735 2522 798 2595 pro
816 2497 982 2595 dignitate
1011 2497 1153 2573 laudari.

298 2613 437 2687 Tertius
451 2612 793 2704 loannesfranciseus,
805 2612 837 2687 in
850 2613 946 2688 annis
959 2613 1040 2688 satis
1052 2638 1156 2688 exer·

298 2729 432 2820 citatus,
447 2729 577 2803 validus
590 2748 625 2803 et
638 2729 758 2803 summi
773 2728 906 2804 consilii
919 2728 977 2803 vir.
998 2732 1155 2832 Quartus

300 2845 479 2935 Nicolaus‚
510 2844 672 2943 imprimis
714 2846 951 2942 perhumanus.
1000 2843 1154 2945 Quintus

255 2996 286 3032 ιο
298 2977 475 3058 postremo
507 2960 689 3048 Marsilius,
718 2959 994 3058 prothonotarius
1018 2975 1055 3033 et
1073 2958 1153 3035 iuris

298 3075 464 3173 pontificii
489 3075 620 3150 decore
637 3093 785 3150 omatus.
813 3078 973 3177 Quorum
999 3073 1151 3149 omnium

298 3190 401 3265 virtus
426 3194 625 3289 clarumque
651 3216 776 3265 nomen
803 3216 872 3265 non
898 3207 1026 3265 tantum
1053 3189 1152 3264 matri

297 3323 501 3383 ornamento
519 3306 626 3399 fuere,
644 3306 823 3383 sedetiam
837 3331 949 3406 prope
961 3304 1024 3381 toti
1038 3303 1151 3380 Cisal·

346 3577 508 3644 mmuh
