2820 4680
534 554 568 617 71

128 726 298 807 praeterea
324 709 374 783 his
400 708 519 783 similia
544 727 579 783 et
606 727 695 785 tuam
722 710 920 810 dignitatem
943 729 979 787 et

130 848 239 898 meam
258 824 522 898 benivolentiam
541 825 698 899 testantia
717 825 826 900 -de
845 826 895 900 his
913 851 979 901 nec

127 938 234 1013 visum
261 964 328 1013 nec
352 941 480 1013 lectum
508 965 573 1013 nec
599 939 749 1015 auditum
775 966 796 1016 a
821 958 855 1016 te
881 941 979 1040 quic·

128 1079 231 1152 quam
258 1096 303 1108 -
330 1071 495 1129 contenta
520 1072 606 1129 sunt.
644 1056 774 1131 Omnia
798 1057 918 1156 scripsi
944 1073 979 1131 te

130 1170 222 1243 lacta
238 1169 487 1244 consuetudine
501 1169 685 1268 aliquando
699 1170 745 1245 de
762 1197 818 1246 me
832 1172 978 1247 finxisse.
1012 1202 1022 1254 t

133 1288 215 1359 Hoc
232 1303 287 1360 est
303 1285 423 1376 dirum,
450 1288 519 1360 hoc
537 1302 590 1360 est
607 1287 815 1378 execrabile,
843 1290 911 1362 hoc
928 1305 982 1363 est

130 1401 482 1476 inauditumverbuml
502 1403 640 1476 Afflicta
648 1403 765 1477 iacens
775 1403 981 1478 lamentabili

129 1541 218 1591 voce
244 1535 370 1592 tantam
397 1517 548 1592 iniuriam
574 1517 694 1608 defles,
720 1519 775 1592 vix
805 1518 848 1592 ad
867 1536 902 1593 te
919 1544 982 1617 per

131 1632 341 1706 multosdies
355 1632 511 1706 conclavi
526 1634 674 1706 clausam
687 1633 746 1731 pia
759 1649 866 1707 mater
878 1657 982 1708 acce-

129 1747 217 1821 dens
242 1747 491 1822 conlacrimans
511 1746 627 1845 gelida
640 1747 762 1821 refecit
775 1772 875 1846 aqua,
890 1747 981 1823 adeo
998 1780 1027 1816 ιο

130 1864 292 1937 inmutata
308 1888 356 1937 es.
377 1863 512 1964 Quieto
532 1862 647 1936 animo
664 1863 718 1936 sis.
743 1863 871 1938 Gravia
893 1864 981 1938 serre

130 1977 309 2052 moderate
335 1977 476 2052 difficile
493 1996 556 2051 est.
587 1979 779 2077 Optimum,
798 1978 982 2078 morigera·

130 2112 200 2167 tum
215 2094 332 2191 tuique
345 2093 488 2167 similem
502 2092 649 2167 animum
659 2094 723 2167 levi
737 2119 854 2168 errore
862 2093 981 2193 grandi

131 2209 288 2283 molestia
321 2209 367 2282 uti
398 2234 466 2282 non
492 2225 644 2308 oportet,
671 2211 760 2283 nulla
791 2210 981 2308 praesertim

130 2328 242 2424 culpa.
264 2328 422 2423 Resurge
437 2325 536 2423 igitur
553 2350 619 2398 nec
632 2350 836 2423 generosam
851 2326 983 2400 sortitu·
999 2359 1024 2410 ις

131 2440 983 2539 dinem,quadoloresomnescontemneremagna·

133 2555 223 2629 nime
249 2581 318 2630 non
344 2554 515 2647 dubitasti,
541 2554 662 2630 dolere
683 2571 719 2629 et
735 2556 870 2630 miseria
886 2557 983 2630 tabe·

131 2696 232 2746 scere
254 2729 374 2745 .....
408 2672 487 2745 nihil
514 2690 567 2745 est
596 2670 691 2770 quod
715 2672 820 2773 magis
846 2670 983 2769 ingenio

132 2805 269 2877 noceat,
288 2811 390 2885 quam
415 2804 534 2861 maesta
551 2787 728 2885 cogitatio,
748 2786 827 2859 nihil
845 2785 983 2885 optimis

131 2901 251 2976 studiis
285 2902 390 2999 magis
424 2902 630 2976 contrarium
664 2918 728 2991 est,
755 2925 857 2999 quam
884 2899 984 2973 tristis
999 2937 1030 2972 20

133 3017 319 3092 meditatio.
350 3016 489 3092 Redeat
502 3035 668 3116 pnestans
695 3017 750 3091 illa
766 3015 933 3115 sapientia
949 3031 985 3089 et

132 3133 246 3207 divina
269 3134 369 3207 animi
395 3134 453 3207 vis.
483 3134 632 3224 Etiamsi,
658 3131 755 3231 quod
771 3132 870 3222 absit,
898 3134 985 3206 male

133 3248 306 3338 dixissem,
320 3247 428 3339 disce,
443 3272 521 3322 cum
540 3250 644 3321 multa
660 3247 768 3339 dicas,
785 3247 900 3345 aliqua
917 3271 984 3321 non

181 3432 215 3497 (4)
240 3440 388 3495 contempta
410 3431 441 3481 c.
476 3433 510 3496 (⁶)
534 3431 686 3481 emmane
710 3431 741 3481 o
775 3431 826 3495 (ιο)
843 3430 936 3494 glotta·
954 3429 984 3480 c

133 3509 322 3573 (ulmeam.
348 3511 441 3559 afferre
451 3510 480 3560 C.
516 3510 566 3573 (14)
576 3518 700 3574 opportet
708 3510 739 3561 C.
773 3508 984 3574 (telingienioe
