2820 4680
566 558 623 621 ²79

166 711 316 808 vitaeque
334 712 560 786 sanctimonia
577 711 757 785 instituerit
774 727 879 808 atque
898 710 1019 785 lunda-

167 827 262 917 verit,
290 844 324 900 ut
351 826 540 901 incredibili
567 852 609 901 ac
631 826 747 900 divino
777 826 903 900 auxilio
921 825 965 900 ad
983 825 1018 899 id

166 967 277 1014 rerum
304 942 472 1041 fastigium
499 943 687 1032 devenerit,
707 944 850 1015 utnulla
869 942 1017 1015 fueritin

166 1058 263 1130 terris
289 1057 396 1156 regin,
422 1083 503 1154 quae
530 1058 626 1131 huius
653 1057 855 1131 sanctissimi
874 1057 1019 1132 nominis

167 1174 267 1269 plena
293 1200 361 1246 non
389 1173 498 1246 luerit.
527 1173 618 1273 Quis
643 1173 733 1247 enim
752 1173 896 1271 ignorat,
914 1197 1016 1269 quam
1050 1202 1060 1255 t

166 1313 273 1361 novos
292 1291 441 1386 populos
458 1288 591 1378 adierit,
610 1288 803 1386 provincias
817 1290 1016 1380 lustraverit,

165 1403 269 1477 maria
291 1403 470 1495 transierit,
490 1420 525 1477 ut
542 1404 670 1477 litteras
688 1420 764 1477 toto
781 1405 868 1477 orbe
886 1403 1017 1502 lugien-

164 1536 215 1593 tes
225 1525 513 1617 persequeretur?
533 1519 636 1594 Unde
657 1520 768 1617 primo
786 1518 954 1608 discessit,
971 1522 1017 1593 ab

163 1636 296 1733 oppido
323 1635 501 1726 Stridonis,
528 1636 643 1710 adhuc
665 1660 751 1733 puer
769 1638 918 1709 Romam
936 1660 1015 1709 cum

164 1752 360 1848 parentibus
389 1751 531 1825 veniens
562 1751 670 1848 prima
696 1750 816 1824 artium
843 1752 1016 1824 elementa
1033 1777 1062 1813 ιο

163 1884 267 1964 atque
292 1866 549 1964 grammaticam
571 1889 592 1939 a
611 1868 757 1939 Donato
775 1865 908 1962 optimo
927 1890 1015 1963 prae·

161 1999 307 2078 ceptore
334 1982 498 2080 accipere
519 1998 724 2056 curaverunt
746 1997 907 2078 parentes
941 1981 1015 2055 eius

165 2098 360 2195 Philippum
381 2098 606 2172 Macedoniae
624 2121 740 2195 regem
760 2095 940 2186 imitantes,
955 2096 1015 2193 qui

163 2213 286 2310 primas
303 2213 431 2287 litteras
448 2215 512 2286 sub
520 2214 705 2286 Aristotele
719 2212 854 2286 discere
867 2214 1016 2286 Alexan·

162 2329 258 2402 drum
266 2330 383 2419 voluit,
395 2329 508 2427 pueris
518 2329 662 2427 perutile
671 2329 880 2418 existimans,
890 2328 1015 2426 primas
1032 2356 1057 2409 ις

147 2445 288 2518 >litteras
314 2446 359 2517 ab
384 2444 522 2542 optimis
549 2443 821 2541 praeceptoribus
838 2443 1013 2540 accipere,

160 2560 215 2632 cui
258 2559 495 2633 devotissimus
538 2559 593 2631 ille
624 2583 710 2655 puer
739 2575 867 2631 tantum
898 2558 1014 2655 operis

161 2676 286 2766 tribuit,
322 2693 357 2748 ut
390 2675 506 2748 cuncti
536 2675 633 2748 simul
664 2692 837 2772 tamquam
864 2674 1013 2748 divinum

161 2816 285 2864 numen
311 2791 566 2865 admirarentur.
595 2790 762 2863 Intellexit
788 2791 878 2863 enim
897 2789 1013 2863 divino

160 2907 298 2981 afflante
323 2907 440 3005 spiritu
467 2908 556 2980 hanc
579 2905 729 3003 inprimis
747 2906 790 2980 ad
808 2905 1012 2981 excitandos
1026 2933 1058 2969 20

206 3192 239 3254 (8)
267 3190 343 3240 Unde
369 3190 451 3252 primo
476 3189 541 3238 disc.
567 3201 613 3236 om.
640 3188 673 3238 G.
707 3187 757 3251 (ιι)
774 3188 933 3251 gramaticam
949 3188 1009 3238 BG.

160 3272 209 3334 (ιι)
227 3270 322 3319 curavit
331 3269 399 3318 codd.
418 3270 440 3333 (1
446 3270 468 3331 3)
478 3269 604 3330 Filippum
615 3268 677 3316 ΒΜ.
703 3268 767 3315 Phil.
777 3280 864 3330 regem
878 3269 944 3317 Mac.
955 3269 1011 3317 eius

159 3365 213 3413 par.
240 3351 300 3399 imit.
322 3352 356 3399 G.
390 3351 438 3413 (14.
459 3348 586 3412 15llllex.
604 3349 668 3398 disc.
688 3349 721 3397 G.
763 3348 1011 3411 (15.16)pueris-

158 3433 279 3494 accipere
299 3444 346 3478 om.
372 3431 405 3479 G.
438 3430 497 3478 dev.
524 3430 566 3478 ille
591 3442 665 3491 puer.
690 3442 737 3477 om.
764 3428 797 3478 G.
843 3429 893 3493 (¹7)
918 3437 1011 3477 tantun

159 3525 265 3573 operam
282 3509 353 3559 dedit
377 3510 409 3558 G.
445 3508 494 3572 (ro)
512 3505 623 3558 divinum
639 3522 685 3557 om.
703 3509 736 3558 G.
