2820 4680
546 531 582 594 81

138 724 261 774 omnes
277 699 414 798 opibus,
433 701 491 799 qui
510 700 645 775 suerunt
662 717 742 775 ante
760 726 816 774 me
834 704 866 775 in
880 704 991 776 Yeru·

138 816 255 889 salem.
266 815 441 913 Sapientia
449 841 592 914 quoque
608 816 838 914 perseveravit
855 842 990 892 mecum

138 948 175 1003 et
191 930 305 1005 omnia
323 957 402 1028 quae
420 930 702 1006 desideraverunt
715 932 807 1007 oculi
826 932 893 1006 mei
920 957 988 1007 non

139 1045 259 1144 negavi
293 1045 343 1120 eis
374 1072 440 1121 nec
466 1047 624 1144 prohibui
652 1072 715 1122 cor
749 1072 873 1138 meum,
909 1048 990 1144 quin

138 1160 231 1235 omni
256 1163 432 1259 voluptate
450 1162 618 1237 frueretur
633 1179 669 1237 et
686 1164 880 1237 oblectaret
901 1187 940 1238 se
958 1164 990 1238 in
1023 1196 1033 1247 t

139 1277 202 1367 his,
228 1302 308 1376 quae
334 1303 542 1375 paraveram,
564 1297 601 1352 et
618 1336 739 1352 .....
767 1304 841 1353 sum
859 1296 990 1377 partem

140 1386 262 1484 meam,
276 1393 303 1467 si
318 1411 431 1468 uterer
439 1396 558 1469 labore
572 1419 663 1486 me0,
673 1420 823 1492 cumque
837 1420 892 1468 me
905 1419 990 1469 con·

138 1508 313 1583 vertissem
339 1508 383 1584 ad
409 1510 524 1584 omnia
548 1535 657 1608 opera
682 1534 770 1601 mea,
797 1534 877 1608 quae
895 1509 990 1584 sece-

139 1640 216 1697 runt
229 1649 346 1699 manus
360 1641 506 1717 meae,et
518 1623 720 1715 adlabores,
732 1625 855 1722 quibus
869 1624 990 1699 srtistra

139 1737 349 1830 sudaveram,
383 1739 450 1814 vidi
485 1741 518 1814 in
552 1740 709 1815 omnibus
742 1740 924 1814 vanitatem
954 1757 990 1814 et
1005 1773 1035 1811 ιο

138 1856 359 1931 afflictionem
389 1857 489 1930 animi
508 1874 544 1930 et
561 1857 641 1930 nihil
667 1856 789 1930 durare
814 1857 879 1930 sub
903 1858 987 1931 sole.

140 1972 230 2045 Cum
257 1969 327 2045 deo
354 1972 462 2069 igitur,
489 1972 546 2068 qui
574 1971 665 2045 idem
696 1996 834 2069 semper
858 1988 923 2061 est,
945 1971 989 2045 si-

139 2087 208 2161 cuti
235 2087 452 2175 consuevisti,
479 2087 635 2161 conclavi
670 2087 724 2160 illa
758 2105 814 2161 tua
848 2087 880 2161 in
916 2086 990 2160 ulti-

140 2202 202 2276 mis
219 2260 340 2275 .....
360 2203 511 2300 partibus
527 2221 662 2277 semota
686 2203 847 2299 loquaris,
873 2228 894 2277 a
919 2227 990 2300 quo

140 2317 373 2392 fortitudinem
391 2318 554 2416 accipies.
576 2321 658 2392 Non
677 2336 712 2392 te
730 2335 890 2393 moveant
906 2318 990 2393 alio-
1007 2351 1031 2401 ις

140 2459 211 2506 rum
238 2436 398 2531 exempla
428 2432 575 2532 indigna,
602 2434 665 2509 sed
691 2435 830 2509 virtutes
857 2451 924 2508 tuae
954 2449 990 2507 et

140 2548 268 2622 domini
294 2548 350 2623 dei
377 2550 481 2623 nostri
499 2551 695 2640 auctoritas,
717 2575 738 2625 a
763 2575 834 2647 quo
864 2549 990 2640 omnia,

140 2665 172 2738 in
200 2690 302 2762 quem
329 2664 444 2739 omnia
461 2683 496 2738 et
513 2665 556 2740 ad
575 2691 678 2764 quem
708 2666 824 2767 omnia
849 2664 988 2738 reseres.

142 2783 223 2854 Non
241 2806 315 2854 sum
334 2781 480 2870 nescius,
499 2806 577 2876 quae
595 2798 787 2879 temporum
805 2797 841 2854 et
859 2798 991 2878 tempe·

139 2914 261 2971 statum
276 2915 393 2971 natura
402 2897 513 2987 suerit,
528 2898 655 2995 primos
673 2900 736 2971 hos
754 2914 866 2970 motus
883 2896 916 2969 in
934 2912 992 2970 tua
1006 2930 1036 2967 ιο

140 3029 313 3111 potestate
331 3039 399 3087 non
418 3013 531 3087 fuisse,
551 3013 662 3087 Venia
678 3011 782 3110 digna
798 3037 846 3086 es.
862 3010 932 3086 Sed
949 3012 990 3102 si,

140 3146 322 3227 postquam
340 3127 397 3203 diu
411 3128 582 3226 cogitasti,
600 3129 767 3226 neglectis
783 3127 990 3219 caelestibus,

188 3349 223 3413 (6)
240 3348 288 3413 tage
303 3357 329 3399 et
347 3350 411 3400 hanc
427 3359 496 3399 ratus
510 3363 574 3399 sum.
607 3349 642 3413 (7)
658 3350 779 3400 laborare
795 3350 826 3400 C.
861 3350 910 3414 (ιι)
932 3362 990 3400 cum

140 3429 176 3479 de
201 3442 235 3479 eo
259 3428 335 3494 igitur
358 3429 389 3480 (ἱ
431 3429 756 3493 (13)comellaviillac.
796 3428 991 3493 (18)reterus?

141 3508 191 3573 (ιο)
208 3509 301 3559 tuerint
318 3508 348 3560 0
381 3507 431 3572 (ιι)
447 3508 523 3558 venie
539 3508 569 3560 G

194 3629 256 3671 ιωιε
270 3628 379 3684 mogun:
393 3628 469 3688 open.
488 3629 513 3675 ιι.
871 3596 886 3645 ⁶
