2820 4680
719 538 756 616 36

309 731 411 803 quam
437 705 529 804 apud
556 722 591 779 te
609 704 790 780 iocundius
814 704 947 794 cenavi,
966 728 1044 778 cum
1062 704 1158 779 audi-

308 821 413 894 verim
440 822 545 896 verba
571 821 737 920 religione
763 821 965 911 redolentia,
991 820 1159 918 sapientia

309 935 545 1027 redundantia,
583 954 761 1011 venustate
795 953 926 1026 ornata,
958 936 1157 1011 facetiarum

308 1054 380 1127 sale
409 1051 561 1144 condita,
592 1078 672 1150 quae
699 1053 845 1127 maxime
872 1078 934 1127 nos
951 1052 995 1127 ad
1013 1052 1157 1128 eosdem

283 1170 396 1255 ,lares
423 1166 587 1242 redeundi
614 1167 805 1266 cupiditate
832 1167 1028 1243 incendunt.
1056 1168 1157 1243 Visus

308 1308 381 1357 sum
407 1283 544 1357 Antonii
570 1301 606 1357 et
633 1284 730 1358 Pauli
760 1285 925 1359 conviviis
954 1285 1157 1376 interfuisse,

309 1423 454 1496 quorum
496 1399 719 1474 sanctissimae
765 1399 968 1474 collationes
1009 1400 1079 1473 auri
1122 1417 1158 1476 et

307 1513 438 1610 argenti
469 1537 626 1613 pompaS,
660 1514 869 1588 amoenitatis
893 1514 1154 1606 delectationes,

307 1628 554 1727 suppellectilis
583 1627 727 1718 delitias,
757 1631 933 1726 epularum
962 1631 1156 1727 voluptates

267 1782 296 1817 ιο
308 1760 562 1841 superaverunt.
603 1743 668 1817 His
696 1743 858 1841 gradibus
888 1769 943 1818 me
974 1744 1006 1817 in
1033 1746 1156 1819 caelum

308 1858 493 1948 erexisses,
520 1858 546 1933 si
574 1859 620 1932 ibi
646 1859 852 1933 hordeacius
871 1859 968 1957 panis
985 1876 1021 1934 et
1034 1860 1157 1937 fictiles

264 2028 266 2032 .
309 1999 414 2063 urnoe,
429 1999 497 2047 non
516 1991 639 2049 assatae
657 1973 850 2073 peregrinae
868 1999 949 2050 aves
966 1999 1010 2049 ac
1027 1974 1157 2051 delica-

308 2107 354 2165 tae
371 2107 502 2187 paterae
519 2089 722 2179 extitissent,
740 2106 868 2188 praeter
885 2115 970 2189 quas
988 2090 1069 2164 nihil
1096 2091 1158 2166 luit

307 2204 340 2277 in
362 2229 451 2279 cena
469 2203 564 2303 quod
578 2231 646 2308 non
661 2223 753 2280 esset
766 2208 968 2304 praeclarum
986 2223 1022 2279 et
1040 2207 1157 2283 lauda·

266 2360 290 2408 ις
307 2320 385 2396 bile.
423 2322 525 2394 Pono
550 2337 631 2394 ante
651 2323 774 2395 oculos
791 2321 917 2420 saepius
933 2323 1053 2413 ebore,
1072 2347 1158 2399 auro

307 2435 601 2534 marmoribusque
635 2436 798 2534 fulgentia
835 2439 978 2527 theatra,
1012 2438 1158 2531 tabulas,

306 2553 403 2650 signa
428 2568 592 2649 argentea
613 2551 696 2625 mira
718 2569 791 2626 arte
808 2554 931 2643 celata,
952 2553 1158 2631 Parisiensia

306 2692 425 2766 opera,
456 2668 647 2767 Choryntia
676 2692 766 2758 vasa,
797 2669 984 2766 Capuanas
1009 2667 1157 2762 delitias,

306 2809 386 2878 quae
404 2808 475 2880 quo
502 2781 639 2872 maiora,
658 2782 861 2881 pretiosiora
878 2800 965 2874 sunt,
985 2784 1091 2883 magis
1109 2784 1157 2862 de

263 2914 393 2980 20statu
435 2896 590 2995 sedeque
632 2898 752 2995 optimi
795 2898 961 2997 cuiusque
1003 2918 1156 2976 mentem

306 3012 491 3088 dimovent.
523 3017 614 3088 Haec
631 3015 748 3088 oblata
769 3014 915 3090 maxime
934 3015 1040 3115 lugio,
1058 3018 1156 3117 cogi-

306 3130 435 3204 tatione
449 3129 596 3204 fastidio.
611 3130 681 3204 Sed
694 3132 800 3205 verba
813 3147 870 3205 tua
883 3134 985 3206 melle
998 3131 1155 3211 dulciora

352 3437 402 3500 (rr)
419 3439 552 3490 ordeatius
568 3440 597 3491 G
617 3440 714 3490 tretiles
731 3440 761 3491 (ὲ
780 3439 829 3504 (13)
847 3448 988 3491 extrassent
999 3440 1029 3492 Ω
1048 3441 1099 3507 (17)
1110 3456 1154 3506 ρι-

305 3519 419 3569 risicusla
440 3519 471 3572 G
