2820 4680
660 556 694 627 75

253 738 351 790 versa
368 731 575 814 tempestate
593 715 826 791 moderamine
846 717 974 790 utimur.
1003 717 1037 791 Si
1055 715 1106 790 di·

253 829 370 904 videre
406 833 535 921 nolunt,
570 848 668 905 estne
703 849 796 906 tanta
828 831 1027 923 difficultas,
1071 849 1107 905 ut

253 946 394 1020 omnino
420 947 575 1021 tribunali
593 947 814 1021 contentioso
832 970 920 1045 opus
937 947 1002 1020 sit?
1033 949 1105 1021 Ha·

254 1061 344 1135 betis
360 1079 540 1160 cognatos,
559 1061 690 1152 affines,
705 1062 763 1159 qui
782 1063 966 1136 Octaviani
983 1079 1019 1137 et
1037 1066 1106 1136 An-

254 1178 350 1251 thoni
368 1177 545 1276 portiones
561 1202 662 1276 pares
693 1178 808 1252 iacere
826 1178 1035 1276 potuissent;
1055 1179 1106 1253 his
1138 1210 1147 1261 t

255 1309 399 1383 utantur,
417 1293 586 1392 patiantur
599 1292 632 1367 id
651 1293 782 1367 ratione
800 1294 872 1367 iieri
891 1293 985 1391 quod
1004 1294 1106 1367 etiam

254 1410 375 1482 multas
393 1408 537 1497 iniurias,
556 1410 692 1483 labores
709 1427 744 1482 et
758 1466 879 1481 .....
900 1409 1106 1484 necessitate

254 1524 368 1598 subire
386 1540 564 1622 cogentur.
588 1525 711 1598 Malint
728 1525 848 1599 fratres
865 1551 967 1623 quam
986 1525 1106 1600 adver-

253 1639 330 1712 sarii
344 1638 423 1713 dici.
443 1643 527 1714 Sunt
542 1665 684 1736 genere,
702 1641 912 1739 eloquentia,
940 1640 1107 1715 facultati-

254 1757 329 1845 bus,
348 1755 551 1829 auctoritate
570 1755 714 1830 maximi.
743 1756 854 1830 Satius
870 1780 948 1830 esse
966 1755 1105 1845 ducant,
1123 1788 1152 1824 ιο

254 1871 391 1968 paulum
414 1870 459 1944 de
477 1895 541 1945 suo
559 1871 630 1945 iure
649 1870 796 1945 reddere
815 1896 916 1969 quam
931 1896 968 1945 se
983 1872 1107 1945 viribus

254 1986 323 2058 suis
340 1986 527 2076 conticere,
543 1986 600 2084 qui
619 1989 693 2084 plus
708 1987 785 2061 iuris
803 1989 931 2061 habere
949 1987 1106 2076 credunt,

255 2101 545 2177 modestioribus.
567 2160 574 2175 .
595 2159 602 2174 .
624 2160 630 2174 .
660 2119 801 2177 utantur.
830 2106 962 2177 Xerses
988 2120 1024 2177 et
1044 2107 1107 2176 Ar-

257 2240 376 2290 menes
411 2218 496 2291 Dari
531 2218 588 2290 fitii
622 2216 668 2291 de
702 2243 810 2316 regno
836 2218 1104 2293 contendebant.

256 2335 423 2406 Armenes
440 2358 484 2407 ex
504 2326 685 2407 Bactriana
701 2296 848 2410 venierd
860 2335 949 2408 sratri
969 2360 1108 2409 munera
1124 2368 1149 2419 ις

255 2472 319 2546 per
353 2448 504 2521 nuntium
531 2448 618 2522 misit
651 2465 687 2522 et
721 2450 798 2523 haec
823 2448 954 2523 addidit
983 2452 1105 2525 verba:

255 2589 279 2637 o
296 2565 440 2655 Xerses,
456 2563 557 2638 irater
574 2580 650 2637 tuus
668 2580 702 2637 te
725 2565 775 2638 his
793 2564 892 2639 donis
911 2567 1056 2640 honorat
1073 2584 1108 2639 et

254 2678 283 2750 si
302 2702 449 2775 unquam
466 2679 498 2753 ei
516 2704 657 2777 regnum
675 2680 838 2769 evenerit,
866 2680 925 2768 tibi
944 2680 1108 2777 promittit

254 2794 405 2867 omnium
424 2811 458 2868 te
477 2795 656 2869 maximum
678 2794 770 2894 apud
788 2795 896 2894 ipsum
916 2796 999 2869 sore.
1016 2798 1107 2869 Cum

256 2912 389 2984 Xerses
415 2935 554 3008 regnum
581 2912 786 3009 accepisset,
807 2915 974 2986 Armenes
996 2912 1107 2985 statim
1123 2946 1153 2981 ιο

255 3024 301 3099 ad
327 3025 434 3123 ipsum
460 3027 563 3117 venit,
589 3025 749 3102 diadema
777 3051 873 3101 suum
899 3027 1002 3126 capiti
1036 3027 1109 3102 eius

257 3141 435 3239 imposuit;
463 3145 600 3216 Xerxes
621 3160 734 3216 autem
756 3141 945 3217 secundum
971 3143 1003 3216 ei
1029 3160 1109 3242 post

256 3280 295 3330 se
320 3258 434 3330 locum
465 3258 580 3331 tribuit
605 3258 726 3355 sicque
753 3259 947 3332 felicissime
980 3259 1105 3333 vixere.

304 3440 339 3504 (7)
354 3440 464 3503 lagunas
487 3441 516 3491 C.
551 3440 583 3501 (8.
599 3442 624 3504 o)
648 3439 779 3491 adversari
804 3441 834 3491 C.
869 3440 919 3504 (ις)
934 3442 1059 3491 b'atriano
1076 3442 1105 3493 G

256 3520 307 3583 (17)
324 3528 415 3569 onorat
432 3519 462 3570 C
