<?xml version="1.0" encoding="UTF-8"?>
<!DOCTYPE html PUBLIC "-//W3C//DTD XHTML 1.0 Transitional//EN"
    "http://www.w3.org/TR/xhtml1/DTD/xhtml1-transitional.dtd">
<html xmlns="http://www.w3.org/1999/xhtml" xml:lang="en" lang="en">
 <head>
  <title>
</title>
<meta http-equiv="Content-Type" content="text/html;charset=utf-8" />
  <meta name='ocr-system' content='tesseract 3.04.00' />
  <meta name='ocr-capabilities' content='ocr_page ocr_carea ocr_par ocr_line ocrx_word'/>
</head>
<body>
  <div class='ocr_page' id='page_1' title='image "./isotnogarolvero01nogagoog/isotnogarolvero01nogagoog_0342.png"; bbox 0 0 2820 4680; ppageno 0'>
   <div class='ocr_carea' id='block_1_1' title="bbox 655 620 707 679">
    <p class='ocr_par' dir='ltr' id='par_1_1' title="bbox 655 620 707 679">
     <span class='ocr_line' id='line_1_1' title="bbox 655 620 707 679; baseline 0.038 -2"><span class='ocrx_word' id='word_1_1' title='bbox 655 620 707 679; x_wconf 88' lang='grc'><strong>333</strong></span> 
     </span>
    </p>
   </div>
   <div class='ocr_carea' id='block_1_2' title="bbox 255 771 1234 2488">
    <p class='ocr_par' dir='ltr' id='par_1_2' title="bbox 255 771 1234 2488">
     <span class='ocr_line' id='line_1_2' title="bbox 255 771 1111 869; baseline -0.001 -22"><span class='ocrx_word' id='word_1_2' title='bbox 255 771 409 847; x_wconf 86' lang='lat' dir='ltr'><strong>subsidio</strong></span> <span class='ocrx_word' id='word_1_3' title='bbox 434 772 598 846; x_wconf 87' lang='lat' dir='ltr'><strong>oblivioni</strong></span> <span class='ocrx_word' id='word_1_4' title='bbox 625 797 703 847; x_wconf 92' lang='lat' dir='ltr'><strong>esse</strong></span> <span class='ocrx_word' id='word_1_5' title='bbox 721 771 862 869; x_wconf 90' lang='lat' dir='ltr'><strong>possint.</strong></span> <span class='ocrx_word' id='word_1_6' title='bbox 891 772 933 845; x_wconf 87' lang='lat' dir='ltr'><strong>Et</strong></span> <span class='ocrx_word' id='word_1_7' title='bbox 951 771 1111 869; x_wconf 88' lang='lat' dir='ltr'><strong>prolecto</strong></span> 
     </span>
     <span class='ocr_line' id='line_1_3' title="bbox 255 886 1112 984; baseline -0.005 -21"><span class='ocrx_word' id='word_1_8' title='bbox 255 904 365 963; x_wconf 85' lang='lat' dir='ltr'><strong>tantas</strong></span> <span class='ocrx_word' id='word_1_9' title='bbox 392 887 424 960; x_wconf 94' lang='lat' dir='ltr'><strong>in</strong></span> <span class='ocrx_word' id='word_1_10' title='bbox 451 912 489 962; x_wconf 92' lang='lat' dir='ltr'><strong>se</strong></span> <span class='ocrx_word' id='word_1_11' title='bbox 507 887 595 961; x_wconf 88' lang='lat' dir='ltr'><strong>vires</strong></span> <span class='ocrx_word' id='word_1_12' title='bbox 621 886 789 984; x_wconf 81' lang='lat' dir='ltr'>sapientia</span> <span class='ocrx_word' id='word_1_13' title='bbox 814 888 929 977; x_wconf 89' lang='lat' dir='ltr'><strong>habet,</strong></span> <span class='ocrx_word' id='word_1_14' title='bbox 948 903 985 961; x_wconf 93' lang='lat' dir='ltr'><strong>ut</strong></span> <span class='ocrx_word' id='word_1_15' title='bbox 1002 886 1112 960; x_wconf 92' lang='lat' dir='ltr'><strong>omni·</strong></span> 
     </span>
     <span class='ocr_line' id='line_1_4' title="bbox 255 1001 1110 1101; baseline -0.001 -24"><span class='ocrx_word' id='word_1_16' title='bbox 255 1004 319 1077; x_wconf 90' lang='lat' dir='ltr'><strong>bus</strong></span> <span class='ocrx_word' id='word_1_17' title='bbox 337 1003 486 1101; x_wconf 89' lang='lat' dir='ltr'><strong>imperiis</strong></span> <span class='ocrx_word' id='word_1_18' title='bbox 503 1019 740 1100; x_wconf 83' lang='lat' dir='ltr'><strong>anteponatur.</strong></span> <span class='ocrx_word' id='word_1_19' title='bbox 771 1001 826 1076; x_wconf 83' lang='lat' dir='ltr'><strong>Ad</strong></span> <span class='ocrx_word' id='word_1_20' title='bbox 844 1002 960 1077; x_wconf 87' lang='lat' dir='ltr'>Titum</span> <span class='ocrx_word' id='word_1_21' title='bbox 980 1001 1110 1076; x_wconf 83' lang='lat' dir='ltr'><strong>Livium</strong></span> 
     </span>
     <span class='ocr_line' id='line_1_5' title="bbox 255 1116 1113 1216; baseline -0.003 -24"><span class='ocrx_word' id='word_1_22' title='bbox 255 1120 370 1193; x_wconf 88' lang='lat' dir='ltr'><strong>lacteo</strong></span> <span class='ocrx_word' id='word_1_23' title='bbox 395 1118 606 1216; x_wconf 83' lang='lat' dir='ltr'><strong>eloquenriae</strong></span> <span class='ocrx_word' id='word_1_24' title='bbox 631 1118 728 1192; x_wconf 88' lang='lat' dir='ltr'><strong>sonte</strong></span> <span class='ocrx_word' id='word_1_25' title='bbox 753 1136 945 1193; x_wconf 81' lang='lat' dir='ltr'><strong>manantem</strong></span> <span class='ocrx_word' id='word_1_26' title='bbox 972 1117 1018 1192; x_wconf 91' lang='lat' dir='ltr'><strong>de</strong></span> <span class='ocrx_word' id='word_1_27' title='bbox 1036 1116 1113 1192; x_wconf 93' lang='lat' dir='ltr'><strong>ulti-</strong></span> 
     </span>
     <span class='ocr_line' id='line_1_6' title="bbox 256 1232 1155 1333; baseline -0.002 -25"><span class='ocrx_word' id='word_1_28' title='bbox 256 1234 319 1308; x_wconf 85' lang='lat' dir='ltr'><strong>mis</strong></span> <span class='ocrx_word' id='word_1_29' title='bbox 339 1233 519 1333; x_wconf 82' lang='lat' dir='ltr'><strong>llispaniae</strong></span> <span class='ocrx_word' id='word_1_30' title='bbox 532 1234 784 1332; x_wconf 85' lang='lat' dir='ltr'><strong>Gallorumque</strong></span> <span class='ocrx_word' id='word_1_31' title='bbox 803 1233 924 1308; x_wconf 89' lang='lat' dir='ltr'><strong>linibus</strong></span> <span class='ocrx_word' id='word_1_32' title='bbox 942 1232 1111 1332; x_wconf 87' lang='lat' dir='ltr'><strong>quosdam</strong></span> <span class='ocrx_word' id='word_1_33' title='bbox 1144 1266 1155 1318; x_wconf 78' lang='lat' dir='ltr'><strong>t</strong></span> 
     </span>
     <span class='ocr_line' id='line_1_7' title="bbox 255 1349 1113 1448; baseline 0.001 -26"><span class='ocrx_word' id='word_1_34' title='bbox 255 1350 390 1424; x_wconf 87' lang='lat' dir='ltr'><strong>venisse</strong></span> <span class='ocrx_word' id='word_1_35' title='bbox 407 1350 541 1424; x_wconf 89' lang='lat' dir='ltr'><strong>nobiles</strong></span> <span class='ocrx_word' id='word_1_36' title='bbox 558 1349 712 1447; x_wconf 90' lang='lat' dir='ltr'><strong>legimus,</strong></span> <span class='ocrx_word' id='word_1_37' title='bbox 735 1367 771 1422; x_wconf 92' lang='lat' dir='ltr'><strong>et</strong></span> <span class='ocrx_word' id='word_1_38' title='bbox 788 1375 876 1448; x_wconf 91' lang='lat' dir='ltr'><strong>quos</strong></span> <span class='ocrx_word' id='word_1_39' title='bbox 894 1349 939 1425; x_wconf 95' lang='lat' dir='ltr'><strong>ad</strong></span> <span class='ocrx_word' id='word_1_40' title='bbox 956 1366 1113 1424; x_wconf 92' lang='lat' dir='ltr'><strong>contem·</strong></span> 
     </span>
     <span class='ocr_line' id='line_1_8' title="bbox 256 1466 1113 1563; baseline -0.001 -24"><span class='ocrx_word' id='word_1_41' title='bbox 256 1466 442 1563; x_wconf 89' lang='lat' dir='ltr'><strong>plationem</strong></span> <span class='ocrx_word' id='word_1_42' title='bbox 468 1466 519 1539; x_wconf 93' lang='lat' dir='ltr'><strong>sui</strong></span> <span class='ocrx_word' id='word_1_43' title='bbox 538 1467 654 1539; x_wconf 89' lang='lat' dir='ltr'><strong>Roma</strong></span> <span class='ocrx_word' id='word_1_44' title='bbox 672 1490 739 1539; x_wconf 92' lang='lat' dir='ltr'><strong>non</strong></span> <span class='ocrx_word' id='word_1_45' title='bbox 762 1482 910 1540; x_wconf 86' lang='lat' dir='ltr'><strong>traxerat</strong></span> <span class='ocrx_word' id='word_1_46' title='bbox 935 1466 1031 1540; x_wconf 91' lang='lat' dir='ltr'><strong>unius</strong></span> <span class='ocrx_word' id='word_1_47' title='bbox 1049 1466 1113 1538; x_wconf 93' lang='lat' dir='ltr'><strong>ho·</strong></span> 
     </span>
     <span class='ocr_line' id='line_1_9' title="bbox 256 1580 1113 1679; baseline 0.001 -25"><span class='ocrx_word' id='word_1_48' title='bbox 256 1581 354 1655; x_wconf 93' lang='lat' dir='ltr'><strong>minis</strong></span> <span class='ocrx_word' id='word_1_49' title='bbox 372 1581 461 1655; x_wconf 87' lang='lat' dir='ltr'><strong>lama</strong></span> <span class='ocrx_word' id='word_1_50' title='bbox 479 1580 648 1679; x_wconf 90' lang='lat' dir='ltr'><strong>perduxit.</strong></span> <span class='ocrx_word' id='word_1_51' title='bbox 671 1581 802 1655; x_wconf 85' lang='lat' dir='ltr'><strong>Habuit</strong></span> <span class='ocrx_word' id='word_1_52' title='bbox 829 1581 884 1655; x_wconf 90' lang='lat' dir='ltr'><strong>illa</strong></span> <span class='ocrx_word' id='word_1_53' title='bbox 908 1597 993 1655; x_wconf 88' lang='lat' dir='ltr'><strong>aetas</strong></span> <span class='ocrx_word' id='word_1_54' title='bbox 1019 1580 1113 1655; x_wconf 90' lang='lat' dir='ltr'><strong>inau-</strong></span> 
     </span>
     <span class='ocr_line' id='line_1_10' title="bbox 255 1696 1234 1796; baseline -0.002 -26"><span class='ocrx_word' id='word_1_55' title='bbox 255 1696 362 1770; x_wconf 93' lang='lat' dir='ltr'><strong>ditum</strong></span> <span class='ocrx_word' id='word_1_56' title='bbox 380 1696 538 1771; x_wconf 92' lang='lat' dir='ltr'><strong>omnibus</strong></span> <span class='ocrx_word' id='word_1_57' title='bbox 555 1696 691 1771; x_wconf 86' lang='lat' dir='ltr'><strong>saeculis</strong></span> <span class='ocrx_word' id='word_1_58' title='bbox 712 1696 1028 1796; x_wconf 85' lang='lat' dir='ltr'><strong>celebrandumque</strong></span> <span class='ocrx_word' id='word_1_59' title='bbox 1050 1696 1112 1770; x_wconf 91' lang='lat' dir='ltr'><strong>mi·</strong></span> <span class='ocrx_word' id='word_1_60' title='bbox 1230 1749 1234 1755; x_wconf 84' lang='lat'><em>-</em></span> 
     </span>
     <span class='ocr_line' id='line_1_11' title="bbox 255 1811 1157 1910; baseline -0.003 -23"><span class='ocrx_word' id='word_1_61' title='bbox 255 1815 417 1902; x_wconf 88' lang='lat' dir='ltr'><strong>raculum‚</strong></span> <span class='ocrx_word' id='word_1_62' title='bbox 429 1829 465 1886; x_wconf 95' lang='lat' dir='ltr'><strong>ut</strong></span> <span class='ocrx_word' id='word_1_63' title='bbox 479 1813 597 1886; x_wconf 93' lang='lat' dir='ltr'><strong>urbem</strong></span> <span class='ocrx_word' id='word_1_64' title='bbox 611 1829 737 1886; x_wconf 90' lang='lat' dir='ltr'><strong>tantam</strong></span> <span class='ocrx_word' id='word_1_65' title='bbox 753 1812 894 1910; x_wconf 87' lang='lat' dir='ltr'><strong>ingressi</strong></span> <span class='ocrx_word' id='word_1_66' title='bbox 907 1811 999 1887; x_wconf 88' lang='lat' dir='ltr'><strong>aliud</strong></span> <span class='ocrx_word' id='word_1_67' title='bbox 1016 1830 1112 1886; x_wconf 92' lang='lat' dir='ltr'><strong>extra</strong></span> <span class='ocrx_word' id='word_1_68' title='bbox 1128 1848 1157 1884; x_wconf 88' lang='lat'><strong>10</strong></span> 
     </span>
     <span class='ocr_line' id='line_1_12' title="bbox 256 1927 1112 2029; baseline 0 -27"><span class='ocrx_word' id='word_1_69' title='bbox 256 1930 373 2003; x_wconf 92' lang='lat' dir='ltr'><strong>urbem</strong></span> <span class='ocrx_word' id='word_1_70' title='bbox 401 1944 605 2027; x_wconf 88' lang='lat' dir='ltr'><strong>quaererent.</strong></span> <span class='ocrx_word' id='word_1_71' title='bbox 638 1931 865 2029; x_wconf 84' lang='lat' dir='ltr'><strong>Quapropter</strong></span> <span class='ocrx_word' id='word_1_72' title='bbox 890 1927 1112 2003; x_wconf 90' lang='lat' dir='ltr'><strong>illustrissimo</strong></span> 
     </span>
     <span class='ocr_line' id='line_1_13' title="bbox 256 2043 1112 2141; baseline -0.001 -23"><span class='ocrx_word' id='word_1_73' title='bbox 256 2062 292 2118; x_wconf 92' lang='lat' dir='ltr'><strong>et</strong></span> <span class='ocrx_word' id='word_1_74' title='bbox 322 2044 440 2117; x_wconf 92' lang='lat' dir='ltr'><strong>inclito</strong></span> <span class='ocrx_word' id='word_1_75' title='bbox 469 2046 679 2117; x_wconf 87' lang='lat' dir='ltr'><strong>Venetorum</strong></span> <span class='ocrx_word' id='word_1_76' title='bbox 715 2043 859 2141; x_wconf 89' lang='lat' dir='ltr'><strong>principi</strong></span> <span class='ocrx_word' id='word_1_77' title='bbox 891 2043 1022 2140; x_wconf 87' lang='lat' dir='ltr'><strong>parenti</strong></span> <span class='ocrx_word' id='word_1_78' title='bbox 1052 2061 1112 2117; x_wconf 91' lang='lat' dir='ltr'><strong>tuo</strong></span> 
     </span>
     <span class='ocr_line' id='line_1_14' title="bbox 257 2159 1110 2258; baseline 0 -26"><span class='ocrx_word' id='word_1_79' title='bbox 257 2160 413 2258; x_wconf 85' lang='lat' dir='ltr'><strong>ingentes</strong></span> <span class='ocrx_word' id='word_1_80' title='bbox 439 2184 543 2256; x_wconf 87' lang='lat' dir='ltr'><strong>agere</strong></span> <span class='ocrx_word' id='word_1_81' title='bbox 568 2159 716 2233; x_wconf 89' lang='lat' dir='ltr'><strong>deberes</strong></span> <span class='ocrx_word' id='word_1_82' title='bbox 741 2159 877 2256; x_wconf 84' lang='lat' dir='ltr'><strong>gratias,</strong></span> <span class='ocrx_word' id='word_1_83' title='bbox 904 2159 962 2258; x_wconf 94' lang='lat' dir='ltr'><strong>qui</strong></span> <span class='ocrx_word' id='word_1_84' title='bbox 990 2176 1025 2233; x_wconf 94' lang='lat' dir='ltr'><strong>te</strong></span> <span class='ocrx_word' id='word_1_85' title='bbox 1042 2185 1110 2233; x_wconf 96' lang='lat' dir='ltr'><strong>non</strong></span> 
     </span>
     <span class='ocr_line' id='line_1_15' title="bbox 257 2274 1111 2373; baseline 0.002 -25"><span class='ocrx_word' id='word_1_86' title='bbox 257 2275 366 2349; x_wconf 93' lang='lat' dir='ltr'><strong>minus</strong></span> <span class='ocrx_word' id='word_1_87' title='bbox 391 2274 460 2349; x_wconf 90' lang='lat' dir='ltr'><strong>suis</strong></span> <span class='ocrx_word' id='word_1_88' title='bbox 485 2274 678 2349; x_wconf 88' lang='lat' dir='ltr'><strong>clarissimis</strong></span> <span class='ocrx_word' id='word_1_89' title='bbox 704 2275 804 2348; x_wconf 92' lang='lat' dir='ltr'><strong>rebus</strong></span> <span class='ocrx_word' id='word_1_90' title='bbox 821 2275 938 2373; x_wconf 81' lang='lat' dir='ltr'><strong>gestia,</strong></span> <span class='ocrx_word' id='word_1_91' title='bbox 957 2299 1036 2350; x_wconf 92' lang='lat' dir='ltr'><strong>cum</strong></span> <span class='ocrx_word' id='word_1_92' title='bbox 1066 2276 1111 2350; x_wconf 93' lang='lat' dir='ltr'><strong>ab</strong></span> 
     </span>
     <span class='ocr_line' id='line_1_16' title="bbox 258 2389 1153 2488; baseline 0.004 -26"><span class='ocrx_word' id='word_1_93' title='bbox 258 2390 331 2487; x_wconf 91' lang='lat' dir='ltr'><strong>ipsa</strong></span> <span class='ocrx_word' id='word_1_94' title='bbox 348 2407 466 2464; x_wconf 88' lang='lat' dir='ltr'><strong>natura</strong></span> <span class='ocrx_word' id='word_1_95' title='bbox 483 2407 519 2463; x_wconf 97' lang='lat' dir='ltr'><strong>et</strong></span> <span class='ocrx_word' id='word_1_96' title='bbox 535 2389 637 2464; x_wconf 90' lang='lat' dir='ltr'><strong>animi</strong></span> <span class='ocrx_word' id='word_1_97' title='bbox 656 2407 692 2463; x_wconf 93' lang='lat' dir='ltr'><strong>et</strong></span> <span class='ocrx_word' id='word_1_98' title='bbox 705 2391 860 2488; x_wconf 91' lang='lat' dir='ltr'><strong>corporis</strong></span> <span class='ocrx_word' id='word_1_99' title='bbox 874 2390 1012 2466; x_wconf 93' lang='lat' dir='ltr'><strong>dotibus</strong></span> <span class='ocrx_word' id='word_1_100' title='bbox 1025 2416 1111 2466; x_wconf 91' lang='lat' dir='ltr'><strong>con·</strong></span> <span class='ocrx_word' id='word_1_101' title='bbox 1127 2427 1153 2475; x_wconf 70' lang='grc' dir='ltr'><strong>ις</strong></span> 
     </span>
    </p>
   </div>
   <div class='ocr_carea' id='block_1_3' title="bbox 149 2504 1109 2605">
    <p class='ocr_par' dir='ltr' id='par_1_3' title="bbox 149 2504 1109 2605">
     <span class='ocr_line' id='line_1_17' title="bbox 149 2504 1109 2605; baseline 0.005 -28"><span class='ocrx_word' id='word_1_102' title='bbox 149 2510 155 2522; x_wconf 90' lang='grc'><em>’</em></span> <span class='ocrx_word' id='word_1_103' title='bbox 257 2505 391 2579; x_wconf 89' lang='lat' dir='ltr'><strong>stitutus</strong></span> <span class='ocrx_word' id='word_1_104' title='bbox 420 2505 477 2596; x_wconf 90' lang='lat' dir='ltr'><strong>sis,</strong></span> <span class='ocrx_word' id='word_1_105' title='bbox 504 2504 549 2579; x_wconf 92' lang='lat' dir='ltr'><strong>ad</strong></span> <span class='ocrx_word' id='word_1_106' title='bbox 574 2530 722 2580; x_wconf 90' lang='lat' dir='ltr'><strong>summas</strong></span> <span class='ocrx_word' id='word_1_107' title='bbox 747 2531 802 2580; x_wconf 91' lang='lat' dir='ltr'><strong>res</strong></span> <span class='ocrx_word' id='word_1_108' title='bbox 828 2505 990 2582; x_wconf 88' lang='lat' dir='ltr'><strong>accendit</strong></span> <span class='ocrx_word' id='word_1_109' title='bbox 1007 2532 1109 2605; x_wconf 87' lang='lat' dir='ltr'><strong>quam</strong></span> 
     </span>
    </p>
   </div>
   <div class='ocr_carea' id='block_1_4' title="bbox 256 2618 1156 3299">
    <p class='ocr_par' dir='ltr' id='par_1_4' title="bbox 256 2618 1156 3299">
     <span class='ocr_line' id='line_1_18' title="bbox 256 2618 1110 2719; baseline 0.005 -27"><span class='ocrx_word' id='word_1_110' title='bbox 256 2618 440 2693; x_wconf 84' lang='lat' dir='ltr'><strong>Alexandri</strong></span> <span class='ocrx_word' id='word_1_111' title='bbox 469 2620 582 2719; x_wconf 90' lang='lat' dir='ltr'><strong>imago</strong></span> <span class='ocrx_word' id='word_1_112' title='bbox 608 2621 725 2694; x_wconf 93' lang='lat' dir='ltr'><strong>lulium</strong></span> <span class='ocrx_word' id='word_1_113' title='bbox 752 2624 931 2697; x_wconf 86' lang='lat' dir='ltr'><strong>Caesarem</strong></span> <span class='ocrx_word' id='word_1_114' title='bbox 954 2648 1110 2698; x_wconf 92' lang='lat' dir='ltr'><strong>commo-</strong></span> 
     </span>
     <span class='ocr_line' id='line_1_19' title="bbox 257 2734 1111 2832; baseline 0.006 -26"><span class='ocrx_word' id='word_1_115' title='bbox 257 2734 352 2807; x_wconf 89' lang='lat' dir='ltr'><strong>verit.</strong></span> <span class='ocrx_word' id='word_1_116' title='bbox 373 2737 415 2808; x_wconf 88' lang='lat' dir='ltr'><strong>Et</strong></span> <span class='ocrx_word' id='word_1_117' title='bbox 432 2736 592 2832; x_wconf 86' lang='lat' dir='ltr'><strong>profecto</strong></span> <span class='ocrx_word' id='word_1_118' title='bbox 609 2740 763 2812; x_wconf 93' lang='lat' dir='ltr'><strong>Venetus</strong></span> <span class='ocrx_word' id='word_1_119' title='bbox 776 2755 912 2813; x_wconf 91' lang='lat' dir='ltr'><strong>senatus</strong></span> <span class='ocrx_word' id='word_1_120' title='bbox 929 2763 968 2812; x_wconf 88' lang='lat' dir='ltr'><strong>se</strong></span> <span class='ocrx_word' id='word_1_121' title='bbox 984 2739 1111 2813; x_wconf 87' lang='lat' dir='ltr'><strong>beatis-</strong></span> 
     </span>
     <span class='ocr_line' id='line_1_20' title="bbox 257 2850 1109 2953; baseline 0.004 -30"><span class='ocrx_word' id='word_1_122' title='bbox 257 2850 377 2924; x_wconf 91' lang='lat' dir='ltr'><strong>simum</strong></span> <span class='ocrx_word' id='word_1_123' title='bbox 403 2854 565 2950; x_wconf 86' lang='lat' dir='ltr'><strong>appellat,</strong></span> <span class='ocrx_word' id='word_1_124' title='bbox 584 2877 661 2927; x_wconf 92' lang='lat' dir='ltr'><strong>cum</strong></span> <span class='ocrx_word' id='word_1_125' title='bbox 680 2853 725 2927; x_wconf 92' lang='lat' dir='ltr'><strong>ab</strong></span> <span class='ocrx_word' id='word_1_126' title='bbox 742 2878 787 2928; x_wconf 94' lang='lat' dir='ltr'><strong>eo</strong></span> <span class='ocrx_word' id='word_1_127' title='bbox 805 2854 861 2927; x_wconf 91' lang='lat' dir='ltr'><strong>tali</strong></span> <span class='ocrx_word' id='word_1_128' title='bbox 887 2854 959 2928; x_wconf 86' lang='lat' dir='ltr'><strong>viro</strong></span> <span class='ocrx_word' id='word_1_129' title='bbox 984 2872 1021 2928; x_wconf 87' lang='lat' dir='ltr'><strong>et</strong></span> <span class='ocrx_word' id='word_1_130' title='bbox 1037 2855 1109 2953; x_wconf 91' lang='lat' dir='ltr'><strong>regi</strong></span> 
     </span>
     <span class='ocr_line' id='line_1_21' title="bbox 257 2964 1156 3068; baseline 0.004 -30"><span class='ocrx_word' id='word_1_131' title='bbox 257 2984 293 3039; x_wconf 94' lang='lat' dir='ltr'><strong>et</strong></span> <span class='ocrx_word' id='word_1_132' title='bbox 317 2964 541 3040; x_wconf 88' lang='lat' dir='ltr'><strong>administrari</strong></span> <span class='ocrx_word' id='word_1_133' title='bbox 567 2992 605 3041; x_wconf 91' lang='lat' dir='ltr'><strong>se</strong></span> <span class='ocrx_word' id='word_1_134' title='bbox 632 2967 809 3058; x_wconf 84' lang='lat' dir='ltr'><strong>intueatur,</strong></span> <span class='ocrx_word' id='word_1_135' title='bbox 836 2986 872 3042; x_wconf 93' lang='lat' dir='ltr'><strong>et</strong></span> <span class='ocrx_word' id='word_1_136' title='bbox 889 2969 922 3041; x_wconf 94' lang='lat' dir='ltr'><strong>in</strong></span> <span class='ocrx_word' id='word_1_137' title='bbox 948 2995 1019 3068; x_wconf 94' lang='lat' dir='ltr'><strong>quo</strong></span> <span class='ocrx_word' id='word_1_138' title='bbox 1041 2994 1109 3043; x_wconf 92' lang='lat' dir='ltr'><strong>non</strong></span> <span class='ocrx_word' id='word_1_139' title='bbox 1124 3006 1156 3042; x_wconf 69' lang='grc' dir='ltr'><strong>ιο</strong></span> 
     </span>
     <span class='ocr_line' id='line_1_22' title="bbox 257 3081 1109 3182; baseline 0.004 -27"><span class='ocrx_word' id='word_1_140' title='bbox 257 3081 324 3155; x_wconf 89' lang='lat' dir='ltr'><strong>alio</strong></span> <span class='ocrx_word' id='word_1_141' title='bbox 355 3099 460 3178; x_wconf 94' lang='lat' dir='ltr'><strong>pacto</strong></span> <span class='ocrx_word' id='word_1_142' title='bbox 489 3107 585 3179; x_wconf 90' lang='lat' dir='ltr'><strong>spem</strong></span> <span class='ocrx_word' id='word_1_143' title='bbox 616 3108 722 3174; x_wconf 90' lang='lat' dir='ltr'><strong>suam,</strong></span> <span class='ocrx_word' id='word_1_144' title='bbox 753 3108 854 3182; x_wconf 90' lang='lat' dir='ltr'><strong>quam</strong></span> <span class='ocrx_word' id='word_1_145' title='bbox 887 3084 1036 3158; x_wconf 90' lang='lat' dir='ltr'><strong>Romani</strong></span> <span class='ocrx_word' id='word_1_146' title='bbox 1076 3084 1109 3158; x_wconf 94' lang='lat' dir='ltr'><strong>in</strong></span> 
     </span>
     <span class='ocr_line' id='line_1_23' title="bbox 259 3199 1109 3299; baseline 0.006 -29"><span class='ocrx_word' id='word_1_147' title='bbox 259 3199 366 3271; x_wconf 88' lang='lat' dir='ltr'><strong>Bruto</strong></span> <span class='ocrx_word' id='word_1_148' title='bbox 385 3201 592 3295; x_wconf 89' lang='lat' dir='ltr'><strong>proconsule</strong></span> <span class='ocrx_word' id='word_1_149' title='bbox 609 3199 746 3298; x_wconf 89' lang='lat' dir='ltr'><strong>regibus</strong></span> <span class='ocrx_word' id='word_1_150' title='bbox 763 3200 894 3274; x_wconf 84' lang='lat' dir='ltr'><strong>exactis</strong></span> <span class='ocrx_word' id='word_1_151' title='bbox 914 3200 1109 3299; x_wconf 89' lang='lat' dir='ltr'><strong>Publioque</strong></span> 
     </span>
    </p>
   </div>
   <div class='ocr_carea' id='block_1_5' title="bbox 258 3497 1109 3646">
    <p class='ocr_par' dir='ltr' id='par_1_5' title="bbox 258 3497 1109 3646">
     <span class='ocr_line' id='line_1_24' title="bbox 305 3497 1109 3563; baseline 0.004 -17"><span class='ocrx_word' id='word_1_152' title='bbox 305 3497 338 3558; x_wconf 81' lang='grc'><strong>(4)</strong></span> <span class='ocrx_word' id='word_1_153' title='bbox 354 3497 527 3560; x_wconf 80' lang='lat' dir='ltr'><strong>Hieronymus</strong></span> <span class='ocrx_word' id='word_1_154' title='bbox 545 3498 569 3548; x_wconf 90' lang='lat' dir='ltr'><strong>C</strong></span> <span class='ocrx_word' id='word_1_155' title='bbox 583 3497 608 3547; x_wconf 87' lang='lat' dir='ltr'><strong>in</strong></span> <span class='ocrx_word' id='word_1_156' title='bbox 624 3511 697 3562; x_wconf 80' lang='lat' dir='ltr'><strong>marg.</strong></span> <span class='ocrx_word' id='word_1_157' title='bbox 732 3497 766 3562; x_wconf 83' lang='grc'><strong>(6)</strong></span> <span class='ocrx_word' id='word_1_158' title='bbox 783 3506 810 3548; x_wconf 85' lang='lat' dir='ltr'><strong>et</strong></span> <span class='ocrx_word' id='word_1_159' title='bbox 826 3499 914 3561; x_wconf 74' lang='lat' dir='ltr'><strong>quoad</strong></span> <span class='ocrx_word' id='word_1_160' title='bbox 931 3499 961 3549; x_wconf 88' lang='lat' dir='ltr'><strong>C.</strong></span> <span class='ocrx_word' id='word_1_161' title='bbox 996 3497 1046 3561; x_wconf 74' lang='grc' dir='ltr'><strong>(ιι)</strong></span> <span class='ocrx_word' id='word_1_162' title='bbox 1065 3514 1109 3563; x_wconf 82' lang='grc' dir='ltr'><strong>ρι-</strong></span> 
     </span>
     <span class='ocr_line' id='line_1_25' title="bbox 258 3579 863 3646; baseline 0.007 -17"><span class='ocrx_word' id='word_1_163' title='bbox 258 3579 323 3630; x_wconf 88' lang='lat' dir='ltr'><strong>renti</strong></span> <span class='ocrx_word' id='word_1_164' title='bbox 340 3586 386 3627; x_wconf 90' lang='lat' dir='ltr'><strong>tuo</strong></span> <span class='ocrx_word' id='word_1_165' title='bbox 401 3580 510 3646; x_wconf 85' lang='lat' dir='ltr'><strong>principi</strong></span> <span class='ocrx_word' id='word_1_166' title='bbox 526 3580 556 3630; x_wconf 76' lang='lat' dir='ltr'>G</span> <span class='ocrx_word' id='word_1_167' title='bbox 590 3579 642 3646; x_wconf 82' lang='lat'>(14)</span> <span class='ocrx_word' id='word_1_168' title='bbox 656 3581 724 3646; x_wconf 87' lang='lat' dir='ltr'><strong>curn]</strong></span> <span class='ocrx_word' id='word_1_169' title='bbox 740 3593 816 3646; x_wconf 81' lang='lat' dir='ltr'><strong>quam</strong></span> <span class='ocrx_word' id='word_1_170' title='bbox 833 3580 863 3633; x_wconf 71' lang='lat' dir='ltr'>G</span> 
     </span>
    </p>
   </div>
   <div class='ocr_carea' id='block_1_6' title="bbox 0 0 1419 4680">
    <p class='ocr_par' dir='ltr' id='par_1_6' title="bbox 0 0 1419 4680">
     <span class='ocr_line' id='line_1_26' title="bbox 0 0 1419 4680; baseline 0 0"><span class='ocrx_word' id='word_1_171' title='bbox 0 0 1419 4680; x_wconf 95' lang='lat' dir='ltr'><strong> </strong></span> 
     </span>
    </p>
   </div>
  </div>
 </body>
</html>
