2820 4680
838 575 895 633 204

435 727 1286 827 inquisitioneetdiscursuintelligitetintellectum
1397 732 1399 736 ’

435 844 655 941 habetmagis
664 842 868 917 deiformem
882 867 984 940 quom
999 845 1116 933 homo,
1126 843 1183 917 cui
1195 844 1287 918 simi-

434 960 501 1033 lem
519 958 587 1033 dici
603 976 718 1057 potest
741 961 811 1034 Eva
823 959 1007 1057 appetisse.
1028 958 1132 1033 Unde
1145 962 1287 1057 angelus

434 1075 558 1148 dicitur
584 1074 821 1148 intellectualis
845 1093 881 1148 er
908 1077 1013 1148 homo
1041 1074 1224 1165 rationulis,
1251 1094 1288 1149 et

409 1220 418 1269 ι
435 1191 491 1263 ubi
510 1191 629 1264 mulier
641 1215 685 1263 ex
703 1189 857 1288 appetitu
870 1190 1037 1279 scientiae,
1047 1193 1188 1288 angelus
1202 1215 1286 1288 pec·

434 1305 525 1380 cavit
536 1331 581 1379 ex
594 1305 750 1403 appetitu
765 1305 940 1403 potentiue.
959 1305 1073 1379 Modo
1086 1305 1286 1380 omnimode

434 1421 571 1495 visionis
596 1421 740 1495 scientie
765 1437 881 1519 potest
906 1438 1074 1495 ereaturae
1096 1423 1285 1495 eommuni-

434 1537 516 1627 cari,
545 1536 609 1611 sed
640 1562 708 1610 non
739 1535 940 1609 omnimoda
969 1536 1125 1634 potentia
1152 1535 1211 1610 dei
1249 1555 1285 1610 et

433 1653 556 1727 onimae
585 1652 725 1727 Christi.
773 1655 857 1726 ltem
900 1651 1020 1727 mulier
1053 1676 1206 1749 peccans
1239 1652 1285 1726 de

393 1768 533 1841 muenia
561 1767 735 1865 cogitavit,
765 1766 913 1841 credens
942 1767 1023 1841 illud
1055 1768 1172 1864 utique
1206 1791 1284 1841 esse

433 1900 629 1980 peccomm,
655 1883 718 1957 sed
745 1908 812 1956 non
839 1900 980 1972 tantum,
1006 1882 1103 1980 quod
1138 1884 1284 1957 deberet

433 1997 520 2071 deus
545 2000 645 2071 talem
681 1998 805 2072 inferre
830 1999 1033 2073 sententiam
1059 2016 1097 2072 et
1121 2021 1282 2096 poenem;

433 2114 574 2209 angelus
598 2130 799 2186 autemnon
818 2113 989 2210 cogitavit.
1023 2113 1127 2188 Unde
1144 2114 1284 2210 Grego-

434 2227 502 2301 rius
527 2229 611 2301 ΙΙΙΙ.0
637 2228 841 2301 Moralium:
869 2227 970 2301 Primi
989 2237 1142 2327 parentes
1162 2227 1285 2302 adhoc

391 2371 417 2421 ις
434 2341 574 2440 requisiti
587 2351 671 2433 sunt,
692 2352 725 2417 ut
741 2351 911 2441 peccatum
923 2343 1012 2442 quod
1027 2343 1285 2441 truugrediendo

433 2456 656 2531 commiserant
667 2456 849 2558 confitendo
861 2457 1009 2532 delerent.
1025 2458 1129 2533 Unde
1141 2483 1285 2556 serpens

434 2573 490 2647 ille
517 2597 708 2671 persuasor,
727 2574 808 2671 quia
830 2599 898 2647 non
915 2593 989 2648 erat
1007 2574 1222 2649 revocandus
1239 2574 1284 2648 ad

434 2688 579 2778 veniam,
602 2714 670 2762 non
695 2705 749 2762 est
772 2687 819 2761 de
845 2691 948 2786 culpe
973 2689 1163 2786 requisitus.
1192 2691 1283 2787 Ergo

481 2893 515 2956 (ι)
533 2893 555 2940 in
573 2891 654 2952 quisi
672 2891 769 2940 ratione
778 2891 807 2940 C.
835 2898 866 2953 (1.
878 2896 901 2954 ι)
912 2892 988 2940 habet
997 2892 1074 2941 intell.
1086 2893 1114 2940 L.
1149 2892 1183 2955 (ι)
1201 2892 1241 2941 eui
1253 2893 1281 2949 Ε,

433 2973 549 3034 querno
583 2973 616 3033 (ι.
630 2972 878 3034 noui-appetisse
893 2974 976 3022 om.L.
1011 2972 1045 3033 (ι)
1068 2974 1172 3035 angelus
1194 2985 1240 3020 om.
1253 2974 1280 3021 1„

434 3054 514 3117 (4-6)
527 3056 604 3103 homo
619 3052 713 3102 dicitur
728 3061 772 3101 ιιι.
793 3053 852 3101 item
869 3065 901 3101 ιιι.
921 3053 1035 3113 peccavit
1053 3065 1085 3100 ex
1100 3065 1160 3114 epp.
1179 3065 1215 3101 sc.
1234 3052 1282 3101 sed

432 3147 488 3197 nug.
507 3147 538 3182 ex
553 3146 614 3196 epp.
632 3133 747 3182 scientio
763 3134 790 3180 L.
826 3130 860 3193 (8)
877 3140 903 3179 et
921 3131 951 3189 C,
971 3140 997 3180 ιιι
1015 3132 1042 3190 Ε,
1067 3143 1153 3192 neque
1165 3132 1241 3180 eriam
1253 3133 1281 3180 L.

433 3214 466 3275 (9.
482 3213 520 3275 ιο)
536 3226 594 3276 eog-
611 3212 646 3262 de
663 3212 737 3260 venia
751 3213 779 3260 1..
814 3212 864 3274 (ιο)
878 3211 965 3272 utique
981 3224 1027 3260 om.
1046 3212 1073 3258 L.
1108 3211 1207 3274 (ιο.ιι)
1223 3224 1283 3261 esse

433 3294 551 3341 ιιιιΙιιιιιι.
562 3291 591 3342 C.
610 3292 657 3355 (11.
670 3291 706 3354 ιι)
714 3290 781 3340 deus
789 3291 900 3340 deberet
912 3291 1006 3339 inferre
1017 3292 1092 3339 ulem
1103 3299 1168 3339 sent.
1177 3299 1205 3339 et
1214 3304 1241 3352 p.
1254 3291 1281 3344 L.

434 3372 484 3436 (ιι)
505 3386 561 3436 ung.
584 3382 670 3422 nutem
692 3385 742 3421 ιιοιι
767 3384 824 3434 cog.
846 3385 892 3420 om.
912 3373 939 3420 1„
974 3371 1024 3432 (ιό)
1036 3369 1105 3419 uude
1122 3377 1149 3418 et
1164 3383 1234 3431 serp.
1253 3371 1281 3417 1..

433 3453 481 3517 (ud
499 3467 526 3517 p.
544 3465 597 3517 ²⁰5·
618 3454 640 3516 ι)
658 3452 727 3516 Ergo
743 3451 795 3501 Ενι
809 3452 903 3502 meruit
919 3450 1122 3514 redemptione·
1138 3462 1213 3511 quum
1233 3463 1283 3499 nou

434 3532 566 3582 damona
581 3533 609 3580 Ι..
