2820 4680
815 599 873 658 442

417 752 527 827 laudis
543 755 694 845 excellit,
714 772 890 852 postremo
908 779 988 853 quae
1006 754 1143 828 caeteris
1160 754 1274 828 omni-

417 869 481 943 bus
505 887 657 969 praestat,
674 871 718 945 sit
744 873 849 945 lsotta
875 888 932 944 tua
956 870 1112 969 superior
1128 895 1272 968 genere,

417 983 536 1075 sorma,
555 984 731 1083 dignitate,
750 985 949 1085 eloquentia
962 1003 1067 1083 atque
1081 1001 1271 1075 venustate,

418 1125 548 1174 morum
578 1100 759 1199 elegantia,
783 1099 963 1190 modestia,
981 1100 1139 1174 acumine
1164 1115 1273 1199 atque

390 1215 550 1293 §cunctis
583 1215 759 1290 virtutibus
792 1215 944 1290 ornatior
985 1233 1092 1314 atque
1133 1214 1272 1306 cultior,

416 1357 530 1406 verum
549 1331 639 1406 enim
657 1356 741 1406 vero
759 1356 928 1429 nunquam
947 1330 1069 1420 acrius,
1084 1332 1272 1404 vehemen-

415 1447 481 1522 tius
505 1447 748 1547 ardentiusque
766 1473 868 1546 quam
891 1472 960 1544 ego
978 1446 1038 1519 tibi
1056 1445 1273 1521 deditissimo

416 1582 450 1639 te
476 1565 614 1653 amabit,
632 1582 667 1638 te
694 1566 788 1638 colet
809 1581 913 1663 atque
938 1562 1135 1637 observabit
1154 1586 1272 1660 neque

415 1680 549 1755 cunctis
591 1680 623 1752 in
654 1681 755 1754 rebus
785 1679 845 1755 tibi
877 1679 994 1753 maiori
1026 1678 1269 1769 taciturnitate,

373 1820 403 1858 10
415 1795 589 1894 patientia,
615 1796 780 1871 fidelitate
809 1812 915 1896 atque
944 1794 1136 1870 constantia
1163 1795 1270 1868 obse-

415 1928 549 2011 quetur,
576 1912 706 2011 quippe
736 1912 897 2009 quoniam
928 1936 1066 2010 semper
1095 1934 1159 2009 pro
1190 1934 1271 1983 mea

415 2028 498 2100 virili
530 2028 595 2101 lavi
624 2053 757 2101 summo
787 2027 926 2126 ingenio
956 2045 1026 2117 tuo,
1046 2025 1142 2125 quod
1172 2050 1269 2116 sane,

415 2142 706 2243 quemadmodum
725 2161 841 2217 noster
859 2143 967 2241 inquit
984 2143 1125 2232 Cicero,
1137 2157 1191 2216 est
1204 2143 1270 2215 ho-

415 2259 513 2332 minis
529 2258 649 2333 decus.
677 2257 796 2333 Studia
813 2276 982 2357 praeterea
998 2282 1040 2331 ac
1058 2281 1172 2331 mores
1189 2272 1271 2331 tuos

372 2399 398 2451 15
414 2375 630 2449 suavissimos
644 2392 770 2448 tantum
780 2373 885 2447 dilexi
899 2389 1060 2473 quantum
1076 2372 1269 2471 intelligere

415 2491 573 2588 potuisti,
589 2490 650 2563 nisi
665 2515 745 2564 vere
763 2508 798 2563 et
815 2515 859 2563 ex
872 2488 982 2563 corde
995 2489 1055 2562 tibi
1073 2487 1129 2562 uni
1146 2487 1269 2561 allice-

415 2623 478 2696 ret,
497 2624 532 2679 ut
550 2606 641 2680 sacio
658 2631 722 2704 pro
741 2623 786 2695 te,
805 2605 850 2677 mi
867 2604 1016 2693 Andrea,
1034 2630 1103 2678 non
1127 2629 1270 2703 semper

415 2745 526 2794 essem
544 2720 699 2794 sollicita.
719 2722 775 2793 Te
792 2720 882 2793 enim
900 2745 1065 2794 summum
1092 2744 1134 2795 ac
1151 2718 1268 2817 singu-

415 2837 519 2908 larem
553 2834 670 2926 virum,
697 2835 793 2911 cuius
819 2834 958 2932 quidem
988 2833 1163 2909 desiderio
1179 2859 1269 2907 con-

370 2975 401 3010 20
415 2951 523 3040 ficior,
542 2949 600 3024 die
626 2968 801 3050 noctuque
823 2951 905 3026 tanti
925 2950 1016 3025 facio
1034 2969 1139 3050 teque
1156 2949 1268 3024 admi-

413 3066 509 3140 rabili
536 3065 625 3141 fama
650 3066 897 3141 incredibilium
923 3067 1079 3141 virtutum
1110 3066 1142 3139 in
1169 3083 1268 3141 tanto

415 3184 547 3256 honore
563 3201 669 3282 atque
686 3183 938 3257 existimatione
964 3184 1089 3273 habeo,
1121 3182 1268 3281 perinde

460 3403 495 3467 (ῃ)
511 3404 661 3465 eloquentia
668 3411 747 3467 atque
769 3417 815 3453 om.
835 3404 860 3453 S.
894 3402 929 3466 (4)
946 3403 1072 3452 modestia
1088 3403 1205 3452 acumine
1216 3417 1266 3453 om.

414 3483 509 3546 spot
523 3483 639 3532 acumine
657 3482 773 3533 Citemm
795 3484 944 3544 eloquentia
961 3482 1036 3532 addit
1070 3482 1105 3548 (⁶)
1121 3482 1217 3532 acriter
1233 3483 1265 3534 C

413 3561 460 3624 (1⁶.
478 3564 514 3625 17)
530 3562 635 3611 efficerit
653 3563 683 3612 C.
