2820 4680
663 887 782 958 LXVI.

597 1132 706 1190 (Brixiae,
725 1147 747 1181 a.
770 1136 848 1193 1453.)

299 1373 406 1420 Ponatur
420 1369 551 1434 dafferentta
575 1371 635 1420 inter
654 1383 692 1419 eos
715 1369 757 1432 qui
771 1368 874 1418 serviunt
889 1369 932 1419 deo
947 1369 1031 1432 quique
1048 1369 1146 1418 Caesart'.

355 1593 537 1668 Ludovicus
554 1597 756 1668 Fuscarenus
781 1596 891 1666 Ysotae
908 1591 1097 1689 Nogorolae.

273 1924 280 1961 z
498 1912 573 1961 ano
587 1904 622 1961 te
640 1888 793 1961 laborum
813 1912 965 1960 meorum
985 1884 1147 1971 misereri,

496 2004 577 2101 quia
610 2002 641 2076 in
676 2028 798 2077 omnes
831 2027 970 2100 semper
1000 2001 1148 2099 piissima

497 2118 597 2209 fuisti,
624 2135 660 2193 et
685 2118 767 2192 licet
792 2119 922 2192 Iacobo
950 2119 1148 2215 Lavagnolo

297 2235 390 2332 gravi
409 2251 497 2309 teste
514 2252 550 2309 et
567 2235 765 2309 suavissimo
779 2234 907 2308 comite
921 2233 1146 2308 honestissimi

298 2349 424 2424 amoris
441 2349 545 2423 nostri
561 2350 708 2447 privatus
722 2350 951 2424 decrevissem
971 2375 1032 2447 per
1049 2349 1147 2423 aliam

256 2496 285 2532 ιο
298 2465 385 2538 viam
412 2465 444 2538 in
471 2466 647 2563 regionem
675 2482 823 2540 nostram
842 2465 976 2555 reverti,
996 2465 1055 2538 tibi
1075 2490 1148 2538 mo·

298 2606 369 2654 rem
395 2606 518 2679 gerere
539 2581 674 2670 institui,
694 2599 815 2655 utnon
835 2580 941 2655 modo
959 2605 1003 2655 ex
1022 2581 1073 2654 his
1091 2581 1147 2677 qui

298 2696 342 2773 ad
369 2715 403 2770 te
429 2697 577 2787 veniunt,
604 2697 666 2771 sed
692 2723 736 2770 ex
763 2722 818 2771 me
845 2695 1022 2793 intelligas,
1049 2695 1148 2769 sicuti

298 2830 332 2886 tu
359 2814 523 2910 optimam
551 2830 681 2911 partem
708 2813 839 2910 eligens
866 2811 1042 2886 reddidisti
1069 2835 1148 2907 quae

301 2945 378 3002 sunt
402 2928 458 3002 dei
487 2928 568 3015 de0‚
586 2928 636 3002 sic
663 2954 718 3002 me
737 2954 800 3026 pro
818 2953 861 3002 ea
878 2944 1050 3026 potestate
1069 2951 1149 3022 quae

256 3073 281 3124 ις
299 3044 377 3117 mihi
405 3070 425 3117 a
449 3061 568 3118 senatu
595 3043 639 3118 ad
661 3044 872 3142 provinciam
889 3041 1147 3142 gubernandam

298 3159 378 3233 data
404 3158 475 3249 suit,
495 3158 685 3233 reddidisse
703 3184 784 3257 quae
801 3175 879 3232 sunt
896 3157 1047 3232 Caesaris
1065 3159 1148 3231 Cae

347 3461 393 3508 Nr.
415 3471 465 3517 3⁰0·
500 3459 534 3520 (ι)
551 3461 660 3522 quique]
682 3460 754 3523 quod
775 3458 805 3510 G
840 3457 1073 3522 (14)me]egoc.
1103 3471 1149 3519 po

298 3539 403 3589 tratec
439 3537 489 3600 (16)
506 3538 574 3589 dicta
591 3540 620 3589 G
