2820 4680
521 591 559 650 47

114 765 175 816 nas
182 743 450 819 accommodata
458 743 655 818 suavissime
668 745 797 841 legere,
805 743 965 819 facillime

112 857 279 949 scribere,
310 858 531 934 doctissimos
557 860 646 934 viros
676 859 964 956 pronuntiatione,

113 973 269 1049 librarios
294 975 473 1051 celeritate
499 992 535 1050 et
563 992 743 1050 venustate
772 976 962 1050 antecellis.

113 1088 193 1163 Vidi
206 1089 396 1189 saepissime
406 1107 452 1182 te,
464 1107 499 1164 ut
512 1090 614 1182 nosti,
626 1107 830 1188 extempore
844 1090 964 1165 dicere

113 1222 207 1280 tanta
235 1231 313 1281 cum
339 1207 458 1305 gloria,
489 1224 525 1281 ut
549 1207 629 1281 nihil
656 1232 803 1305 unquam
830 1207 964 1306 dignius
996 1243 1005 1291 ς

112 1321 319 1420 suaviusque
337 1322 567 1397 iudicaverim.
583 1322 683 1425 Quid
696 1323 865 1412 illustrius,
879 1323 962 1420 quid

113 1436 386 1535 magnificentius
403 1462 481 1512 esse
495 1455 622 1536 potest,
634 1463 735 1535 quam
755 1455 789 1512 te
807 1455 961 1513 orantem

113 1550 233 1626 audire
255 1552 433 1627 maiestate
463 1552 705 1651 dignissimam,
728 1554 878 1651 ingenuo
901 1579 963 1651 pu·

113 1666 201 1741 dore
241 1668 523 1759 venustissimam,
556 1668 790 1767 generositate
823 1671 961 1759 claram,

112 1782 318 1858 auctoritate
359 1808 526 1875 severam,
564 1783 722 1859 doctrina
755 1808 893 1882 gravem
927 1801 963 1858 et
979 1820 1008 1856 ιο

112 1897 961 2000 diligentiaprobatissimam?Quaeigiturunquam

113 2013 234 2088 mulier
259 2030 293 2088 te
318 2013 457 2089 doctior
479 2014 541 2088 luit
565 2031 624 2089 aut
644 2038 723 2089 esse
741 2014 863 2112 potuit,
882 2039 962 2111 quae

112 2153 157 2203 ex
187 2129 270 2203 ludo
299 2129 455 2228 pueritiae
484 2130 529 2205 ad
559 2132 648 2204 hanc
683 2155 792 2227 usque
823 2147 960 2204 aetatem

111 2242 339 2334 addiscendo,
366 2244 531 2319 docendo
556 2248 653 2344 plura
677 2244 839 2319 librorum
865 2248 962 2319 volu·

112 2359 204 2434 mina
228 2361 405 2435 memoriae
431 2360 597 2434 mandasti
624 2384 725 2457 quam
745 2361 838 2434 multi
861 2360 960 2459 periti
978 2399 1003 2447 ις

110 2474 172 2549 viri
198 2475 367 2551 viderint?
393 2477 503 2578 Quod
531 2477 592 2550 luit
618 2476 759 2550 liberale
789 2475 960 2551 doctrinoe

109 2591 961 2691 genus,inquoversatanonsislOratorium,poe·

110 2705 228 2796 ticum,
254 2706 507 2806 philosophum,
538 2708 785 2806 theologicum·
807 2707 962 2782 declarat

110 2821 192 2896 nihil
203 2824 346 2898 mortale
356 2823 526 2921 ingenium
537 2847 660 2897 ornare
671 2822 889 2922 posse,quod
900 2849 960 2898 ne-

107 2938 351 3036 glexeris.Tibi
359 2939 567 3038 igiturpares
574 2939 693 3014 laudes
701 2965 770 3014 non
778 2940 956 3038 polliceor.
974 2979 1005 3014 ιο

110 3053 185 3155 Qui
202 3054 304 3129 Setos
322 3054 458 3131 Lesbiae
480 3058 605 3154 puellae
625 3072 769 3131 statuam
791 3057 958 3130 aheneam

157 3228 192 3291 (ι)
207 3229 375 3280 accomodat·
393 3230 423 3280 G
456 3230 705 3293 (alpronontiatione
722 3231 752 3281 C
787 3230 957 3294 (normico

108 3307 144 3374 (8)
161 3309 318 3359 maiestatem
335 3310 364 3360 α
383 3309 417 3374 (9)
428 3311 626 3375 generositatem
635 3311 665 3362 C.
699 3311 749 3376 (ιι)
766 3311 919 3375 negligentia
927 3310 957 3361 C.

107 3402 238 3452 nunquam
261 3389 292 3440 0
326 3389 538 3454 (uladiseendo
553 3390 583 3441 C.
618 3391 667 3456 (ιθ)
684 3399 808 3455 poetuum
828 3391 858 3440 C.
877 3393 959 3440 teolo-

105 3482 186 3534 guum
209 3467 559 3534 G(19.-2o)neglescerls
580 3471 609 3521 α
644 3471 694 3534 (ιο)
723 3484 772 3520 non
800 3471 904 3533 politior
926 3470 956 3519 c.

107 3549 159 3615 (aa)
168 3557 279 3600 statuum
296 3551 403 3600 henum
418 3550 448 3600 G
