2820 4680
708 504 748 581 48

299 675 520 764 dedicavere,
540 673 600 746 tibi
618 673 819 764 erexissent,
838 673 1001 771 quoniam
1021 677 1098 773 plus
1116 676 1149 749 in

300 807 335 864 te
364 789 543 887 sapientiae
572 806 625 862 est
655 790 720 863 hae
750 804 865 880 aetate,
896 814 997 886 quam
1028 816 1151 866 omnes

300 904 458 980 mulieres
492 903 650 977 omnibus
679 904 838 978 aetatibus
867 922 903 977 et
932 904 1150 1003 impudenter

299 1037 422 1119 optare
436 1019 636 1118 potuissent.
653 1021 728 1092 lllas
740 1044 878 1118 semper
895 1020 1046 1119 excipio,
1064 1046 1151 1118 quas

274 1163 282 1215 t
300 1136 420 1234 religio
446 1152 562 1210 nostra
587 1135 672 1209 colit
692 1152 728 1208 et
754 1160 816 1209 nos
843 1135 906 1233 piis
923 1135 1011 1210 votis
1028 1161 1149 1235 prose·

299 1251 443 1349 quimur.
460 1253 631 1340 Salamon,
642 1250 699 1346 qui
711 1251 802 1324 Saba
819 1249 970 1348 reginam
989 1251 1148 1343 laudavit,

298 1367 343 1441 ad
366 1384 400 1440 te
422 1366 597 1440 visendam
620 1364 836 1455 accessisset,
860 1365 917 1445 ubi
940 1367 1149 1464 peculiarem

298 1482 572 1582 generosissimae
592 1480 727 1555 lamiliae
754 1497 822 1554 tuae
843 1481 1044 1578 sapientiam
1063 1506 1149 1557 con·
1195 1573 1198 1579 Ι

299 1599 469 1696 spexisset
486 1615 522 1671 et
536 1615 570 1670 te
587 1597 619 1669 in
637 1595 763 1670 delitiis
782 1597 910 1670 habere
928 1598 1151 1696 cognovisset

257 1742 286 1779 ιο
300 1742 368 1790 non
381 1740 499 1789 aurum
513 1730 571 1787 aut
584 1713 694 1810 pictas
708 1729 832 1802 vestes,
847 1712 909 1786 sed
924 1713 1149 1805 Ciceronem,

298 1830 497 1928 Virgillium,
516 1828 1150 1927 Hyeronimum,rlugustinum,etom-

300 1945 390 2019 nium
405 1945 716 2043 praestantissimam
732 1944 926 2035 iudicasset,
937 1970 1017 2042 quae
1026 1946 1150 2021 virtute

299 2077 335 2135 et
347 2061 496 2134 litterato
513 2061 586 2134 otio
604 2060 737 2134 nutriris
755 2077 790 2133 et
808 2061 976 2158 neglectis
994 2063 1150 2158 volupta-
1183 2048 1186 2054 ’

300 2175 389 2249 tibus
399 2174 654 2273 expeditissima
663 2176 791 2248 bonum
801 2200 968 2249 summum
982 2176 1148 2273 sequeris.

257 2319 282 2369 τε
300 2290 443 2365 Gaudet
472 2292 611 2364 Verona
642 2307 699 2364 tua
733 2291 931 2365 marmoreis
967 2291 1149 2390 lapidibus,

301 2405 452 2496 theatris,
469 2405 627 2495 basilicis,
638 2405 821 2495 montibus,
837 2406 1041 2497 fluminibus,
1052 2409 1150 2482 tabu-

299 2522 349 2611 lis,
376 2522 468 2596 omni
490 2522 643 2619 denique
660 2521 924 2619 exquisitissimo
943 2525 1150 2621 populorum

299 2656 514 2728 ornamento,
528 2637 713 2712 admiratur
726 2637 932 2713 clarissimos
953 2638 1151 2737 superiores

299 2775 387 2847 tuos,
406 2773 585 2830 veneratur
610 2753 895 2852 generosissimos
914 2754 1044 2845 fratres,
1064 2756 1151 2831 colit

255 2900 286 2935 20
299 2871 593 2969 prudentissimam
621 2886 774 2958 matrem,
798 2869 1033 2945 incredibilem
1051 2897 1152 2946 soro-

300 3013 372 3061 rum
415 3004 545 3061 tuarum
589 2984 852 3083 pulcritudinem
892 3010 971 3060 cum
1005 3005 1150 3086 stupore

300 3101 447 3176 intuetur
472 3118 508 3175 et
537 3100 744 3175 divinissima
773 3100 903 3198 virgine
932 3101 1024 3176 serio
1051 3103 1149 3199 quasi

346 3310 378 3373 (8.
397 3312 421 3374 9)
439 3312 604 3375 conmisisset
619 3310 648 3360 α
668 3309 717 3374 (ιι)
732 3311 966 3373 praestantissimum
984 3311 1015 3362 0
1037 3312 1152 3376 (antite-

299 3399 355 3442 rato
380 3392 451 3442 octio
473 3390 503 3441 C.
537 3390 587 3454 (1⁶)
609 3391 697 3441 teatris
718 3391 812 3442 basillis
829 3391 859 3442 C.
893 3390 1149 3456 (21)eum]con0

299 3470 349 3536 (υ)
365 3472 401 3534 et]
419 3479 445 3520 et
462 3485 511 3520 non
528 3470 558 3519 C.
