2820 4680
885 633 943 696 ²94

492 789 628 868 Usquem
643 788 709 849 iusti
723 798 768 848 est
780 798 811 848 et
824 805 908 848 mens
921 787 975 848 sibi
988 787 1107 848 conscie
1120 787 1201 860 recti,

493 887 538 949 Ut
550 896 601 947 tue
615 886 671 947 iem
685 885 799 947 veleunt
813 885 937 947 lscrimis
951 884 1115 966 precordia
1129 883 1229 944 flecti?

490 983 583 1043 Vince
597 983 726 1045 enimum
742 993 932 1063 mentemque
946 992 1035 1055 tuem,
1053 981 1104 1062 qui
1118 991 1217 1042 cetere
1230 979 1322 1041 vincis

493 1082 697 1161 lecturumque
709 1099 803 1142 menm
818 1090 977 1162 prospectu
990 1079 1131 1160 conspice
1145 1079 1235 1139 lincis.

493 1179 593 1239 Deme
605 1178 763 1260 supercilio
777 1176 885 1239 nubem
900 1176 1076 1258 pierumque
1090 1176 1249 1250 modestus,

449 1286 479 1322 ¹0
493 1275 633 1337 Beltheus
647 1287 677 1337 et
692 1294 797 1357 pervus
811 1275 880 1336 mihi
896 1293 955 1335 non
970 1275 1099 1356 rapietur
1113 1274 1263 1335 honestus.

494 1375 585 1434 Nunc
596 1391 694 1454 prece,
709 1391 788 1434 nunc
798 1372 907 1453 precio,
932 1389 988 1432 uec
998 1372 1024 1432 vi
1035 1389 1091 1433 nec
1102 1382 1196 1432 morte
1205 1388 1346 1451 supreme

493 1471 660 1551 Deprecor,
680 1480 711 1532 ut
726 1469 810 1532 nobis
824 1469 964 1530 reddetur
978 1468 1088 1549 fulgida
1100 1487 1225 1549 gemme

494 1570 566 1629 Non
580 1567 686 1630 domus
699 1578 730 1628 et
744 1566 861 1641 fundus,
881 1584 940 1628 non
955 1567 1022 1628 aeris
1035 1584 1157 1628 uoervus
1170 1577 1201 1627 et
1213 1567 1276 1628 auri

494 1665 629 1727 Poscitur
643 1676 694 1727 eut
707 1664 831 1727 tremule
845 1663 899 1725 iios
913 1663 1007 1726 lectus
1024 1663 1062 1725 eb
1076 1664 1181 1726 arbore
1197 1663 1278 1725 lauri.

450 1775 476 1827 ¹5
496 1763 649 1824 Poscimus
663 1761 692 1823 id
707 1761 799 1835 avide,
819 1760 889 1822 nihil
902 1772 947 1822 est
962 1761 1031 1822 mihi
1047 1760 1178 1843 pulcrius
1191 1760 1277 1834 orbe,

496 1861 534 1921 Et
548 1858 599 1921 tibi
615 1878 694 1920 nunc
708 1859 796 1940 plene
809 1869 965 1939 prestetur
978 1858 1065 1939 copie
1079 1857 1181 1920 corbe.

496 1959 569 2018 Pers
583 1956 684 2018 mundi
698 1956 750 2016 tibi
765 1954 843 2017 nulle
856 1967 947 2031 vocet,
966 1956 1019 2017 sed
1033 1967 1095 2017 tots
1106 1966 1225 2018 tenetur

493 2054 596 2115 Tellus
609 2071 725 2134 proque
738 2064 791 2114 tuo
802 2052 909 2134 placito
923 2071 1060 2115 sermone
1074 2064 1215 2116 mouetur.

495 2151 580 2232 Quid
594 2161 671 2212 vetet
684 2168 751 2212 esse
765 2151 846 2232 pium
861 2153 990 2213 munus?
1003 2152 1090 2212 Tene
1104 2151 1201 2213 duiciu
1214 2151 1313 2226 uerbo,

451 2264 482 2301 20
497 2250 617 2329 Nempe
640 2247 757 2329 repulse
776 2249 867 2329 mugss
881 2267 969 2328 quem
984 2267 1063 2310 mors
1076 2249 1214 2311 credetur
1226 2249 1346 2310 acerbe.

497 2345 548 2406 De
562 2344 675 2405 mittite
689 2343 836 2424 placidum
850 2344 1028 2425 dederisque
1043 2346 1072 2405 in
1086 2345 1215 2406 carmina
1228 2346 1312 2419 vires,

495 2443 533 2504 At
542 2440 628 2502 cadet
642 2441 791 2521 ingenium
806 2441 911 2503 mentis
925 2441 949 2503 si
963 2460 1095 2504 murmur
1108 2443 1204 2503 intres.

498 2539 635 2619 Rumpor
648 2548 678 2598 et
691 2556 744 2598 oro
757 2538 826 2599 mihi
842 2537 950 2620 puriter
963 2557 1031 2601 cum
1046 2550 1145 2600 mente
1155 2551 1346 2602 tremescunt.

499 2636 541 2697 Hi
555 2636 692 2716 quotiens
707 2646 805 2698 nostru
819 2635 907 2698 flores
922 2653 982 2697 non
996 2636 1068 2698 sede
1083 2637 1237 2711 nitescunt,

497 2979 521 3014 v.
536 2977 564 3026 17
584 2978 599 3014 e
612 2966 725 3027 Luotno,
734 2980 758 3015 v.
777 2978 837 3026 ²90
854 2965 967 3016 Pindnro
983 2965 1130 3030 (Thebano)
1146 2975 1263 3029 sumptos
1279 2980 1349 3030 esse,

498 3052 603 3094 ceteros
626 3059 717 3095 versus
740 3046 773 3094 nb
801 3047 856 3109 ipsu
879 3047 977 3109 Auget·
998 3046 1110 3108 scriptos
1126 3047 1224 3096 esseio
1241 3047 1353 3111 singulo-

499 3137 555 3174 rum
570 3137 691 3175 versuum
702 3127 972 3189 mrginemnomtum
983 3134 1031 3175 est
1066 3125 1204 3191 (ΜΔΕ
1239 3126 1353 3190 (ς)ἰυςιι

498 3212 539 3254 est
555 3205 604 3254 AF.

536 3283 572 3347 (7)
588 3292 696 3347 pectore
712 3284 792 3335 vincis
807 3285 857 3335 AF.
876 3293 880 3306 ·
898 3285 933 3349 (8)
950 3286 1048 3336 nimium
1065 3300 1105 3349 pr.
1124 3286 1154 3336 G
1196 3288 1275 3351 lyncis
1298 3289 1350 3339 AF.

499 3364 535 3428 (9)
551 3366 703 3426 pierumque
717 3364 768 3414 AF.
802 3363 852 3427 (ιο)
870 3365 982 3415 Beideus
998 3366 1028 3416 G
1062 3363 1112 3430 (ιι)
1129 3367 1221 3429 prauo
1237 3367 1265 3417 F.
1284 3382 1353 3418 nunc

500 3443 525 3492 vi
541 3457 608 3493 nunc
632 3457 665 3493 m.
695 3444 726 3494 C.
760 3442 810 3509 (ιι)
835 3445 951 3496 iterisC.
994 3445 1044 3511 (ι4)
1067 3447 1203 3496 tremuloei
1227 3450 1294 3498 tetus
1319 3449 1351 3499 G

500 3521 551 3586 (ις)
576 3524 653 3573 Pose.
682 3524 704 3573 is
731 3523 761 3573 G
797 3525 929 3587 pulchrius
954 3526 1004 3575 AF.
1049 3524 1100 3591 (ιό)
1126 3535 1274 3589 prestetum
1299 3529 1352 3578 AB.

500 3601 550 3666 (ιφ)
567 3616 626 3652 esse
643 3603 714 3666 prius
730 3603 758 3653 1³.
778 3604 846 3654 bene
862 3604 893 3654 C.
926 3603 978 3669 (ι4)
994 3605 1082 3655 iilic
