2814 5116
669 983 709 1046 99

262 1137 499 1235 perspiceret?
539 1138 637 1240 Quid
672 1163 716 1212 ex
752 1137 814 1213 illis
848 1137 1114 1236 cogitationibus

260 1251 483 1329 addisceres?
514 1255 772 1352 Cognosceres,
800 1253 1007 1352 intelligeres
1033 1281 1123 1352 quae,

260 1394 280 1442 a
298 1387 357 1443 tuo
383 1370 565 1470 proposito
587 1370 766 1468 plurimum
784 1369 919 1445 distant
949 1372 1112 1470 Corpore

259 1502 364 1583 atque
394 1503 511 1560 mente
540 1485 623 1559 licet
652 1485 749 1584 virgo
779 1510 972 1585 permanes,
999 1487 1112 1563 verbis

260 1601 506 1675 matrimonium
538 1627 606 1675 non
637 1601 846 1698 frequentes.
879 1603 935 1674 Tu
961 1626 1000 1675 es
1026 1601 1112 1676 inte-
1143 1635 1153 1686 ς

257 1741 353 1811 grum
380 1733 486 1813 atque
513 1717 745 1815 incorruptum
772 1715 957 1790 Christiani
983 1715 1112 1792 ordinis

258 1830 378 1921 decus,
405 1848 441 1904 et
466 1849 596 1927 quanto
620 1831 853 1905 sublimiorem
879 1830 1022 1929 gloriam
1049 1856 1111 1906 ex·
1223 1865 1234 1879 ·

258 1964 377 2045 pectas
396 1963 491 2020 tanto
510 1946 617 2021 maior
634 1946 676 2020 sit
693 1946 754 2020 tibi
767 1945 946 2020 servandae
960 1945 1109 2022 caelestis

255 2061 374 2159 gratiae
401 2085 491 2135 cura.
521 2063 562 2134 Et
580 2061 662 2135 licet
687 2086 732 2134 ex
754 2077 790 2134 te
807 2062 912 2135 multa
929 2060 1109 2160 intelligas,

258 2176 424 2250 interdum
439 2193 552 2250 tamen
563 2176 655 2250 fideli
665 2176 806 2250 aliorum
817 2176 987 2251 sententia
1001 2193 1108 2267 utere,
1127 2212 1157 2249 ιο

257 2293 417 2391 quoniam
444 2293 555 2366 virtuti
583 2293 729 2367 maxime
757 2293 949 2391 proximum
967 2310 1020 2368 est
1036 2318 1109 2368 suae

257 2407 447 2505 prudentiae
467 2433 535 2481 non
553 2407 742 2482 confidere.
761 2407 816 2481 Ad
830 2409 900 2482 hoc
918 2424 954 2481 te
970 2432 1108 2507 semper

256 2525 374 2597 hortor
399 2541 434 2597 et
461 2549 558 2621 rogo,
589 2541 624 2596 ut
651 2547 821 2621 nunquam
852 2523 912 2597 tibi
930 2524 1110 2622 explorata

255 2639 369 2713 omnia
394 2664 472 2713 esse
497 2657 608 2737 putes,
636 2662 807 2736 nunquam
835 2639 881 2713 ita
906 2639 1027 2714 honori
1046 2656 1107 2714 tuo

255 2771 489 2854 prospectum,
520 2755 601 2854 quin
636 2754 764 2852 aliquid
794 2779 931 2853 semper
964 2756 1108 2831 subesse
1124 2787 1149 2836 ις

255 2870 372 2969 possit,
392 2869 489 2969 quod
507 2895 528 2944 a
545 2887 580 2944 te
597 2869 797 2959 verendum,
815 2868 875 2943 tibi
894 2869 1105 2968 incognitum

253 2985 304 3058 sit.
351 2988 392 3059 Et
426 2986 458 3058 in
490 3003 547 3059 tua
581 2985 671 3059 sama
704 2984 933 3059 custodienda
966 3010 1104 3059 omnem

253 3125 380 3189 curam,
408 3100 615 3199 diligentiam
642 3099 827 3189 adhibeas;
858 3100 990 3200 optima
1014 3100 1104 3175 enim

253 3216 368 3291 cautio
393 3234 499 3291 estet
525 3216 714 3291 laudandus
731 3215 842 3305 timor,
861 3216 919 3315 qui
939 3219 1103 3292 malorum

252 3334 451 3429 angelorum
479 3332 563 3431 sugit
591 3332 726 3407 insidias
751 3348 787 3405 et
812 3331 856 3407 ad
882 3332 999 3407 salutis
1016 3333 1102 3408 viam
1120 3371 1151 3406 20

252 3447 420 3546 perducit.
449 3450 530 3522 Nec
547 3474 668 3523 omnes
684 3451 802 3522 volunt
820 3448 878 3547 qui
897 3465 931 3523 te
949 3447 1101 3547 diligunt

253 3564 344 3637 Nam
362 3588 441 3638 cum
460 3563 492 3637 in
512 3581 570 3638 tua
586 3564 708 3638 virtute
724 3563 836 3638 aetatis
849 3581 976 3639 nostrae
994 3563 1104 3641 decus

251 3681 399 3769 eluceat,
412 3679 440 3754 si
453 3679 596 3779 gloriam
610 3696 701 3755 tuam
720 3680 987 3770 conservaveris,
1006 3706 1104 3756 com·

300 3932 335 3998 (7)
346 3942 440 3995 quante
449 3934 480 3985 C.
507 3934 541 3999 (9)
550 3942 576 3984 te
585 3948 632 3983 orn.
643 3934 673 3984 c
699 3933 865 4015 (talpbortor
874 3935 905 3985 (λ
923 3934 973 3999 (ι4)
985 3944 1060 3999 putas
1072 3936 1102 3987 G

966 4061 995 4120 7.
