2820 4680
554 560 586 631 tt

141 741 229 793 nera
252 743 322 793 non
343 718 482 819 negligo
511 744 577 794 nec
595 720 815 796 multitudinis
840 720 993 797 indoctre

140 832 270 908 iudicia
294 835 370 909 sola
398 835 491 909 bona
519 859 659 910 censeo.
691 837 761 910 Sed
789 837 993 935 optimarum

141 948 307 1023 mentium
320 967 541 1025 ornamenta.
557 1007 565 1024 .
582 1009 589 1024 .
605 951 638 1024 in
652 969 743 1027 terra
753 952 827 1027 sine
840 953 994 1045 veritate,

140 1065 349 1141 auctoritate
382 1065 496 1141 vivere
525 1091 593 1141 non
624 1092 773 1166 possem.
803 1068 995 1144 Prohibent

140 1181 286 1257 enimet
301 1183 346 1257 ab
355 1180 494 1257 ineunte
509 1199 614 1257 aetate
626 1200 800 1281 susceptae
812 1184 995 1261 vitaeinsti·
1026 1215 1035 1265 t

140 1296 293 1372 tutiones
310 1315 346 1372 et
362 1315 482 1373 natura
497 1323 584 1373 mea.
617 1300 714 1374 Nolo
731 1298 889 1375 diuturna
905 1300 995 1375 salsi·

141 1415 222 1491 tatis
234 1414 463 1490 sollicitudine
475 1415 566 1515 angi,
579 1419 662 1491 nolo
674 1417 769 1492 vanis
786 1417 995 1492 defensioni·

142 1536 221 1623 bus,
234 1557 279 1607 ne
291 1532 497 1630 deprendat,
512 1532 662 1624 uti,nolo
680 1535 810 1632 pavidis
826 1535 995 1633 suspicio-

142 1648 256 1739 nibus,
269 1673 313 1722 ne
321 1648 493 1723 contraria
505 1650 660 1745 loquare,
673 1649 802 1748 agitari.
813 1651 995 1725 Abhorreo

141 1762 283 1840 tandem
300 1788 421 1838 omnes
435 1763 620 1838 fallentium
632 1780 723 1839 artes
736 1764 879 1841 veritate
892 1782 994 1857 tutus,
1011 1794 1040 1830 10

142 1880 241 1955 cuius
254 1877 415 1954 facilitate
427 1878 595 1954 delector.
610 1882 665 1954 ‘l’u
683 1905 762 1977 quae
776 1880 883 1979 magis
900 1879 996 1979 inge·

142 1995 214 2086 nio,
240 1994 348 2093 magis
364 1995 529 2070 memoria
545 1995 702 2087 confidis,
727 1996 807 2087 scis,
825 2022 896 2094 quo
922 1996 994 2070 iure

142 2110 250 2185 mein
268 2135 372 2185 causa
397 2110 536 2209 cognati
562 2111 609 2183 tui
635 2111 903 2202 calumniareris,
922 2136 993 2209 quo

143 2226 217 2301 iure
242 2251 298 2301 me
323 2225 521 2324 reprendas,
540 2251 611 2323 quo
633 2226 704 2301 iure
723 2226 994 2302 manifestissima

141 2342 333 2432 dissimiles,
342 2367 414 2441 quo
427 2341 499 2416 iure
512 2358 672 2417 attestata
684 2367 800 2440 neges.
813 2344 888 2441 Ego
902 2341 993 2417 idem
1010 2372 1035 2423 ις

141 2482 237 2548 sum3
267 2457 429 2557 figmenta
452 2456 618 2532 decidunt
652 2482 720 2532 nee
749 2474 893 2557 possunt
916 2483 994 2533 esse

141 2574 310 2650 diuturna.
322 2575 458 2672 Relege
471 2573 581 2673 igitur,
590 2573 996 2664 amab0,asanctimonia

141 2707 201 2766 tua
234 2689 336 2764 etiam
367 2689 504 2764 iocosas
532 2689 775 2780 simulationes,
806 2688 994 2787 praesertim

140 2807 227 2896 illus,
257 2830 338 2904 quae
363 2829 419 2878 me
444 2803 503 2879 tibi
529 2804 775 2879 deditissimum
802 2805 848 2879 ita
873 2804 996 2878 misere

140 2938 278 2997 vexant.
310 2923 346 2995 ln
367 2920 517 2995 amicitia
542 2937 659 2995 nostra
684 2924 753 2995 hoc
779 2921 995 3008 servavimus,
1011 2953 1041 2987 20

141 3054 180 3112 ut
198 3053 341 3136 propter
359 3060 543 3111 commune
569 3037 734 3111 bonarum
760 3037 880 3111 artium
906 3036 997 3109 desi·

189 3294 226 3358 (ι)
238 3293 311 3344 iuditi
322 3293 392 3344 eaG
416 3294 451 3358 (3)
464 3293 573 3343 instem
581 3293 611 3343 C.
636 3295 715 3342 vera?
738 3292 869 3341 veritatis?
892 3290 927 3356 (ς)
938 3291 997 3340 sub·

138 3384 220 3439 septe
230 3374 262 3427 G
280 3372 316 3438 (7)
326 3372 398 3423 solie
415 3372 445 3422 G
478 3372 511 3435 (8.
521 3372 547 3435 9)
558 3372 744 3435 suspitionibus
755 3371 785 3421 C.
811 3368 954 3434 (olibereo
966 3370 995 3420 G

139 3456 193 3521 (ιι)
211 3456 268 3505 eius
284 3454 302 3504 i.
320 3453 453 3503 delectare
470 3452 500 3503 C.
534 3453 584 3516 (η)
606 3455 713 3503 αιοωῃ.
733 3452 762 3502 c.
798 3451 999 3514 (rJJamaloa

139 3552 162 3587 a
178 3536 211 3587 C.
246 3536 297 3598 (¹9)
318 3533 443 3583 deditiiss.
465 3532 495 3583 0
530 3532 580 3596 (ιο)
595 3531 730 3582 vexuntC.
