2820 4680
823 535 881 612 ²⁶⁴

428 706 517 768 Nulla
541 724 630 771 nont.
660 705 849 768 Undisonutn
873 702 985 766 Siculas
999 701 1080 783 quod
1095 700 1195 764 dividit
1208 719 1276 762 onus

468 803 589 865 Finibus
606 803 764 884 Hesperie
778 801 880 863 tntitcit
895 800 941 862 itu
955 800 1071 862 fretum.

430 903 499 961 Post
513 901 606 961 varios
619 919 713 973 casus,
732 911 798 981 post
813 898 902 961 muita
917 897 1025 980 pericle
1037 898 1146 977 quievit

465 998 592 1060 Sedibus
607 999 651 1059 his
664 999 761 1078 longae
776 997 852 1058 sessu
866 995 966 1057 labore
980 996 1044 1056 vioe.

383 1126 410 1178 75
429 1097 492 1158 Rus
507 1097 627 1177 proprio
641 1095 778 1177 Cyanutn
793 1094 864 1156 dixit
877 1093 916 1155 de
932 1094 1058 1165 nomine,
1078 1093 1174 1154 sontes

465 1192 613 1254 Admiratu
626 1194 683 1253 tuis
698 1193 753 1263 hic,
772 1191 925 1264 Arethusa,
945 1209 1038 1272 pones.

429 1292 474 1351 Ex
490 1289 539 1352 illo
553 1291 690 1372 Cyanum
707 1289 791 1370 prisci
807 1288 937 1350 didicere
952 1299 1097 1370 parentes.

465 1387 537 1449 Seru
552 1388 609 1448 hoc
622 1386 761 1467 gaudebit
777 1387 894 1446 nomine
910 1387 1071 1467 posteritas.

364 1558 369 1573 ,
429 1486 567 1568 Nympha
581 1484 674 1546 decus
687 1483 775 1546 Siculi
790 1483 940 1563 quondum
952 1483 1079 1544 formosa
1092 1481 1230 1563 Pachyni,

381 1603 414 1651 ω
469 1583 559 1644 Nunc
574 1582 670 1664 Cyani
685 1593 715 1642 et
730 1592 838 1642 nosttae
851 1581 943 1661 gloria
958 1598 1062 1660 magna
1075 1579 1181 1641 domus
1196 1581 1202 1638 !

429 1680 545 1742 Floreat
559 1698 579 1741 o
593 1680 701 1741 utinam
718 1697 771 1760 per
784 1677 893 1739 saecuia
907 1677 994 1758 longa
1007 1687 1164 1757 superstes,

466 1777 590 1840 Credita
604 1776 704 1838 tutelae
718 1792 791 1855 gens
809 1774 958 1854 Nogtttolu
976 1786 1045 1835 tuae.

425 1874 548 1936 Aemula
561 1875 596 1934 sit
609 1874 676 1935 vitae
694 1871 845 1952 Nogaroio
864 1891 881 1931 a
895 1872 1037 1952 sanguine
1050 1881 1130 1930 creta

466 1975 563 2052 Atque
578 1970 726 2052 pudicitiae
742 1970 863 2031 soeninn
877 1986 1008 2049 quoeque
1022 1980 1091 2031 tute.

382 2090 411 2155 ες
430 2071 518 2131 Hanc
531 2086 586 2128 oro
600 2079 694 2129 tutare
709 2067 829 2128 domum
846 2079 989 2146 natosque
1005 2077 1190 2146 nepotesque
1204 2084 1211 2137 ;

468 2166 618 2228 Incolume
633 2166 690 2226 hoc
704 2183 810 2237 serves,
828 2164 953 2226 onndidu
968 2164 1103 2245 nympha,
1121 2181 1224 2244 genus.

426 2264 474 2325 Sic
488 2264 581 2324 varios
596 2282 747 2343 nunquam
763 2262 850 2324 flores
865 2262 939 2322 malo
954 2262 1060 2342 frigora
1075 2260 1192 2332 laednnt

469 2363 555 2423 Neve
569 2374 636 2422 tuos
651 2361 756 2422 nimius
770 2372 879 2421 torreat
893 2372 983 2420 aestus
997 2377 1091 2439 agros.

425 2459 475 2521 Sic
488 2460 539 2520 tibi
553 2459 610 2520 sint
625 2459 725 2539 liquidi
740 2459 845 2531 sontes,
863 2457 1013 2518 vernantia
1026 2456 1136 2517 circum

382 2589 414 2635 90
471 2558 556 2618 Prata
571 2575 626 2617 nec
640 2557 786 2634 anguinea
799 2555 918 2616 sordent
931 2553 1010 2616 undu
1024 2553 1083 2614 lue.

428 2655 512 2734 Quin
526 2674 571 2728 ea,
589 2665 662 2734 quot
677 2653 775 2715 rutilas
792 2652 929 2714 Pactolus
944 2651 1039 2713 fundit
1053 2669 1158 2712 arenas

467 2752 579 2824 Vinont,
597 2762 731 2831 quotque
745 2751 820 2830 Tagi
835 2750 920 2811 iactat
937 2749 1040 2810 Iberus
1054 2766 1137 2829 opes.
