2820 4680
548 596 604 663 ³09

152 771 186 828 te
225 754 280 827 vix
318 754 520 853 pupillarem
562 770 701 828 aetatem
740 779 913 852 egressam
943 778 1003 828 seu

153 895 254 967 paene
272 869 421 943 adultam
449 869 635 967 ingressam
652 869 865 942 senescentis
891 886 1004 943 tamen

154 985 324 1082 ingenium
351 986 456 1058 verba
481 983 622 1057 notabili
649 984 892 1058 sententiarum
918 1010 1006 1083 pon·

152 1100 236 1174 dere
247 1100 435 1174 redimitam
446 1100 599 1174 eiusdem
619 1099 727 1174 literae
744 1117 813 1174 tuae
831 1101 1006 1174 versiculis

153 1215 316 1305 edidisse,
335 1215 426 1290 adeo
445 1233 480 1289 ut
498 1215 544 1289 de
561 1233 596 1289 te
615 1215 676 1289 fari
695 1216 841 1314 possim:
1038 1243 1048 1296 t

198 1412 278 1471 Ecce
293 1409 390 1490 puella
403 1427 496 1470 senex
510 1408 590 1470 dictu
605 1407 735 1469 mirabile
750 1418 848 1470 nostra
861 1418 907 1470 est

199 1508 236 1567 Et
252 1507 319 1586 iuga
336 1506 456 1567 Parnasi
470 1505 583 1567 scandit
596 1523 716 1566 amoena
730 1506 813 1567 sacri.

204 1683 319 1777 Atque
332 1703 449 1751 verum
463 1676 591 1750 cecinit
604 1701 742 1751 carmen
757 1676 837 1749 dum
851 1675 938 1749 dixit
948 1675 1008 1748 mi-

156 1795 272 1873 rabile.
283 1792 327 1867 ad
346 1793 392 1865 tui
411 1817 540 1883 sexum,
558 1808 707 1881 aetatem,
727 1791 897 1890 ingenium
912 1791 1009 1864 simul

156 1935 228 1984 suae
246 1909 397 2007 dirigens
413 1907 646 1983 admirationis
664 1907 830 1997 intuitum,
858 1909 935 1981 haec
957 1906 1009 1980 di·
1025 1948 1055 1984 ιο

156 2026 255 2099 vinae
274 2024 398 2099 indolis
416 2041 485 2098 tuae
502 2022 674 2097 Aonidum
693 2022 840 2097 cultibus
850 2022 1009 2096 mirabili-

157 2159 208 2214 ter
227 2140 422 2214 inhaerentis
440 2142 522 2229 laus,
537 2139 593 2212 cui
612 2138 750 2212 ulterius
768 2163 836 2212 non
855 2137 1010 2211 insisten-

157 2256 238 2329 dum
252 2254 343 2328 duxi.
356 2254 454 2356 Quid
469 2254 527 2326 ni?
546 2254 637 2354 Quis
650 2254 741 2327 enim
755 2277 902 2351 compos
916 2278 1010 2326 men-

158 2373 200 2444 tis
219 2396 273 2444 res
289 2371 460 2468 siquidem
479 2369 609 2444 divinas
622 2370 702 2444 satis
716 2369 854 2444 abunde
871 2368 1010 2443 laudare

158 2485 369 2559 crediderit?
385 2488 502 2560 Nemo
515 2484 690 2582 equidem,
706 2510 773 2559 nec
787 2485 925 2575 mirum;
941 2485 1011 2557 hoc
1027 2528 1053 2578 ις

158 2602 289 2700 quippe
307 2627 435 2699 genere
453 2601 561 2675 laudis
579 2600 720 2676 laudans
746 2600 887 2690 finitum,
915 2598 1010 2696 quod

159 2735 212 2791 est
237 2715 408 2791 laudatum
435 2741 578 2790 numero
606 2715 781 2805 infinitum,
801 2740 957 2812 quorum,
976 2730 1013 2788 ut

160 2833 260 2921 nosti,
271 2833 361 2905 nulla
369 2848 422 2905 est
431 2831 654 2930 comparatio.
669 2833 749 2905 Nec
760 2831 910 2904 indolem
921 2846 1011 2903 tuam

159 2951 206 3022 ob
225 2950 294 3021 lroc
308 2973 363 3021 me
377 2947 533 3022 laudasse
546 2947 737 3022 credideris
750 2972 816 3021 nec
829 2972 851 3020 a
863 2963 898 3019 te
916 2970 1013 3019 com-

160 3064 308 3164 positum
334 3087 473 3137 carmen
500 3081 629 3137 tantum
655 3088 781 3162 precor
814 3061 951 3152 alliciat,
978 3077 1015 3134 ut
1028 3106 1059 3141 20

160 3179 287 3254 exinde
305 3179 441 3278 spiritus
467 3195 544 3253 tuus
562 3179 652 3252 inani
678 3178 806 3252 debeat
833 3175 1014 3251 insolentia

161 3313 428 3394 pertumescere.
449 3295 639 3392 Siquidem,
654 3294 701 3367 uti
717 3293 865 3384 memini,
880 3293 1015 3391 aliquo·

206 3562 240 3623 tt)
268 3559 384 3609 redimita
408 3557 438 3608 G
483 3560 533 3622 (14)
561 3557 682 3607 habunde
707 3557 737 3608 G
788 3558 838 3623 (19)
865 3570 881 3605 a
906 3568 953 3605 ont
983 3554 1013 3606 G
