2820 4680
665 580 695 642 ¹3

255 731 319 806 diis
347 731 527 830 applicasti
546 733 662 806 nobile
681 749 772 805 tuum
792 732 961 830 ingenium
979 731 1106 804 altiori-

256 849 320 921 bus
350 872 492 945 quoque
519 846 717 945 disciplinis,
745 846 927 943 inquibus
960 871 1105 921 acumen

256 961 380 1060 ingenii
398 979 435 1036 et
452 962 574 1036 mentis
591 979 644 1036 est
668 987 766 1060 opus.
785 962 939 1037 Versaris
963 961 1055 1035 enim
1074 961 1105 1034 in

255 1076 417 1151 dialetica
440 1094 525 1168 arte,
552 1103 631 1175 quae
648 1076 803 1151 semitam
825 1077 974 1151 veritatis
991 1093 1107 1150 osten-

256 1192 306 1266 dit
331 1191 601 1289 cognoscendae,
629 1210 665 1266 ut
689 1218 732 1267 ea
761 1191 889 1290 adepta
915 1193 947 1265 in
974 1191 1106 1266 lautiori
1140 1225 1149 1272 ς

255 1325 361 1404 atque
379 1307 526 1381 uberiori
552 1308 783 1405 philosophiae
808 1333 935 1406 campo
960 1307 1046 1381 scite
1072 1324 1108 1380 et

256 1421 390 1496 erudite
408 1423 532 1496 versari
551 1422 671 1520 possis.
700 1425 819 1518 ltaque
837 1441 1009 1520 tamquam
1028 1447 1108 1520 pro·

256 1554 400 1612 vocatus
418 1537 576 1634 magister
593 1538 715 1612 amicae
733 1537 874 1635 quidem
891 1554 996 1635 atque
1023 1537 1108 1612 fide·

257 1652 393 1727 lissimae
419 1653 635 1726 humanitatis
666 1653 783 1727 intuitu
811 1671 845 1727 te
879 1651 1107 1727 venerandam

256 1768 420 1865 virginem
446 1767 619 1842 edocebo.
1125 1804 1154 1841 to

306 1885 398 1956 Volo
425 1883 534 1983 igitur,
561 1909 638 1958 mea
661 1887 761 1973 {sota
780 1909 882 1982 quam
900 1900 1109 1957 commutata

258 2023 406 2096 persona
428 2023 602 2095 germanae
632 2001 714 2072 loco
738 2000 787 2073 ob
813 1999 938 2097 ingenii
965 1998 1011 2072 tui
1038 2001 1108 2072 ele-

258 2114 406 2211 gantiam
433 2139 504 2211 quo
531 2114 672 2188 mirifice
698 2113 856 2188 delector
880 2130 916 2187 et
942 2116 1030 2188 hanc
1056 2113 1109 2186 lit·

260 2247 405 2303 terarum
424 2247 613 2304 nostrarum
637 2229 925 2304 necessitudinem
943 2229 1047 2319 ducO,
1063 2269 1107 2282 -

260 2345 375 2443 cupio,
403 2345 552 2443 inquam,
580 2346 685 2443 idque
715 2371 794 2419 meo
822 2346 892 2419 iure
928 2345 1042 2434 iubeo,
1074 2363 1109 2418 ut
1126 2381 1151 2431 ις

262 2486 369 2535 novos
404 2463 467 2536 hos
502 2461 729 2560 philosophos
760 2486 938 2559 novosque
977 2459 1109 2535 dialeti-

259 2602 322 2652 cos
340 2596 511 2675 tamquam
530 2579 686 2652 homines
704 2578 840 2652 minime
853 2602 944 2651 verae
957 2576 1110 2674 philoso-

260 2693 353 2791 phiae
398 2718 561 2791 veraeque
607 2694 777 2769 dialeticae
820 2695 1002 2767 instructos
1040 2717 1109 2765 non

261 2808 367 2883 modo
387 2809 496 2883 evites
521 2827 557 2883 et
578 2810 696 2908 sagias,
721 2836 838 2884 verum
868 2809 970 2883 etiam
995 2807 1110 2882 omnia

260 2950 379 2999 eorum
408 2925 536 3023 scripta
564 2925 802 3015 stomacheris,
828 2949 905 2998 nam
939 2922 1110 2998 dialeticae
1125 2961 1155 2997 ιο

261 3039 400 3137 quidem
419 3066 487 3115 non
504 3041 591 3115 viam
609 3040 799 3138 disciplinae
813 3038 937 3113 veteris
949 3038 1015 3112 iam
1029 3063 1109 3136 pro

308 3219 342 3281 (ι)
359 3219 486 3281 ingenium
500 3227 570 3267 tuum
590 3218 618 3265 V.
652 3218 687 3281 (ι)
707 3217 839 3278 disciputis
856 3216 910 3265 CV.
944 3216 1060 3265 acuimen
1077 3215 1107 3264 Ο

262 3296 296 3359 (4)
313 3296 439 3360 dyatetica
463 3297 493 3346 G
535 3297 568 3359 (8.
586 3296 611 3357 9)
632 3309 715 3358 acque
739 3295 922 3344 humanissime
939 3294 1065 3343 fidelitatis
1081 3296 1108 3343 V.

262 3377 312 3440 (ιι)
329 3390 448 3441 germana
459 3377 489 3436 Q
509 3390 632 3440 germano
646 3377 674 3424 V.
708 3374 757 3437 (η.
779 3376 817 3437 14)
829 3383 940 3424 nostram
960 3374 1005 3422 litt.
1017 3375 1047 3432 V,
1066 3387 1110 3422 no

261 3465 339 3506 stram
354 3455 425 3506 ettam
444 3456 474 3506 G
516 3455 565 3518 (16)
582 3455 648 3518 dyal.
668 3456 698 3505 C.
739 3454 789 3517 (18)
806 3453 947 3517 dyaleticos
964 3454 994 3512 C,
1013 3452 1110 3502 disteti-

262 3537 348 3586 οων.
376 3534 839 3600 (18-20)instr.-namdi⁸l.om.v.
868 3533 1060 3599 (20)dyaletioe
1078 3532 1108 3584 G
