2820 4680
572 601 623 667 ³¹5

173 755 317 818 Difficiles
332 776 391 817 non
406 757 514 837 quaerit
527 775 600 838 opes
615 756 730 818 humilis
743 757 785 818 vir
798 768 829 818 et
842 769 937 839 aptus,

210 855 353 935 Quaeque
367 853 465 916 volant
478 853 536 915 alte
551 873 610 915 non
624 855 780 936 capiuntur
794 872 870 916 aves.

252 951 372 1013 lnvidioe
387 952 520 1013 stimulos
534 951 654 1014 studeas
667 952 758 1013 vitare
774 952 897 1026 seroces,
1034 952 1064 1013 ⁶5

208 1048 237 1109 Si
253 1050 362 1111 subdas
376 1051 475 1111 animo
488 1067 619 1130 quaeque
633 1050 762 1131 superba
775 1061 835 1111 tuo.

168 1146 207 1207 Se
222 1147 288 1208 serit
302 1160 370 1208 ante
385 1167 440 1210 suo
454 1149 477 1210 si
492 1167 581 1229 quern
597 1148 662 1210 serit
676 1148 823 1221 invidiatu,

208 1245 317 1325 Vipera
332 1245 414 1326 prole
428 1264 526 1307 suase
541 1247 705 1328 perimente
719 1245 803 1328 perit.

170 1344 295 1404 Pectora
308 1360 385 1404 saeva
398 1344 500 1405 dolent
513 1344 607 1405 aliena
620 1344 813 1426 prosperitate

211 1442 249 1501 Et
262 1441 369 1521 glacies
383 1440 451 1503 solis
464 1453 541 1503 tacta
554 1442 652 1502 calore
667 1442 751 1523 perit.

170 1538 269 1599 lnvida
283 1540 423 1620 pestifero
438 1539 549 1600 latitant
563 1540 592 1599 in
607 1539 698 1600 corde
712 1556 835 1613 venena,

210 1639 247 1697 Et
262 1657 323 1717 quo
338 1637 403 1719 plus
416 1637 506 1699 latitat
521 1636 586 1719 plus
600 1637 749 1699 basiliscus
763 1637 857 1699 obest.

165 1734 233 1795 Sola
247 1735 303 1796 sub
317 1734 423 1797 invidia
437 1755 496 1797 non
510 1748 555 1797 est
569 1736 687 1797 fortuna
699 1735 834 1809 dolentis,

205 1833 273 1894 Sola
287 1846 388 1895 carent
401 1834 523 1896 stimulis
536 1853 604 1896 ossa
617 1834 731 1915 sepulta
745 1834 813 1896 suis.

166 1930 316 1992 Omnibus
330 1932 449 1993 innocui
463 1944 531 1993 sunt
544 1930 734 2013 simplicitatis
747 1931 841 2003 amici,
1032 1938 1061 1991 75

204 2028 334 2110 Simplex
349 2047 387 2090 ne
402 2040 507 2090 noceat
522 2028 588 2089 selle
602 2028 760 2090 columba.
777 2076 783 2089 .
799 2075 807 2088 .
823 2074 830 2087 .

166 2129 287 2188 lnnocui
303 2127 382 2189 nullo
397 2138 536 2209 poterunt
549 2126 667 2188 ledente
681 2126 781 2200 lederi,

205 2226 323 2286 Fornax
337 2236 490 2306 argentum
506 2226 607 2307 purius
621 2226 689 2306 igne
704 2225 781 2286 lacit.

162 2322 250 2403 Saepe
266 2324 384 2384 nocivus
398 2323 483 2385 obest
496 2323 559 2398 sibi,
574 2342 633 2384 non
647 2324 695 2385 cui
709 2322 803 2385 credit
816 2321 931 2396 obesse,

202 2420 290 2502 Saepe
304 2422 488 2501 sagittantem
503 2421 575 2482 salsa
588 2422 691 2501 sagitta
705 2421 780 2484 ierit.
1028 2418 1060 2465 ⁰⁰

164 2518 263 2579 lnvida
277 2538 330 2601 per
343 2519 468 2580 subitam
483 2520 623 2581 morietur
636 2519 745 2581 semina
758 2519 885 2599 linguam

204 2617 342 2695 laetaque
357 2634 411 2697 per
425 2617 554 2678 rabidam
569 2635 656 2698 prora
670 2616 775 2698 peribit
789 2634 905 2696 aquam.

165 2712 316 2773 Dilectum
333 2712 398 2793 plus
413 2713 501 2774 habet
516 2726 615 2795 pastor
629 2731 721 2795 pecus
736 2714 829 2775 ubere
844 2713 934 2795 pleno

203 2811 332 2891 Plusque
348 2811 443 2892 placet
458 2812 578 2893 proprio
593 2812 701 2873 femina
715 2823 796 2873 casta
811 2813 883 2873 viro.

160 2908 212 2969 Vir
225 2909 342 2989 sapiens
357 2908 498 2989 prodesse
512 2910 592 2990 cupit
608 2927 664 2971 nec
678 2909 777 2971 ledere
792 2928 971 2991 quemquam
1026 2906 1055 2967 ⁸5

203 3009 335 3088 Parsque
349 3007 447 3070 valens
460 3026 569 3091 corpus
584 3027 644 3069 non
658 3007 728 3070 ledit
743 3007 800 3070 ulla
813 3026 908 3070 suurn.

207 3222 257 3287 (63)
274 3222 399 3272 dilticillea
415 3222 445 3273 G
468 3224 495 3271 V.
514 3223 544 3271 68
560 3222 585 3272 in
599 3223 623 3274 C
636 3225 693 3273 onte
702 3235 759 3273 corr.
774 3225 830 3275 anta
844 3236 867 3272 a.
880 3225 911 3283 ⁶7
922 3222 1013 3287 legaba-

159 3305 203 3351 tur.
238 3303 288 3367 (68)
299 3304 406 3366 vippera
417 3302 447 3353 G
477 3303 526 3368 (70)
535 3304 663 3367 glatiesG
694 3303 743 3367 (γι)
754 3303 888 3354 latitante
907 3303 957 3369 (76)
968 3316 1013 3353 co·

159 3384 236 3432 lunba
245 3384 275 3433 G
295 3385 400 3433 lacuna
409 3382 478 3447 aigro
488 3396 530 3448 ego
538 3383 616 3447 poaur'.
641 3382 691 3447 (8ο)
700 3384 831 3447 sagitatmn
840 3383 870 3435 G
888 3384 969 3447 sagita
980 3384 1011 3434 C.

158 3464 208 3528 (82)
221 3465 350 3526 Factaque
362 3463 392 3514 G
422 3462 535 3526 rapidam
546 3463 621 3529 (conj.
633 3478 656 3513 a.
669 3464 721 3528 48))
736 3464 831 3527 preibit
839 3463 870 3515 G
905 3466 955 3529 (8))
966 3465 1012 3515 dil·

158 3547 251 3592 lectum
263 3546 292 3593 C.
327 3547 419 3606 plenus
436 3544 465 3593 C.
