2820 4680
774 880 918 950 LXXV.

722 1113 832 1175 (Brixia,
851 1127 874 1161 a.
896 1116 975 1174 1453.)

633 1334 712 1384 Vt'ctus
727 1333 858 1397 eloquentia
874 1333 950 1383 aden
967 1331 1062 1396 cogitur.

460 1576 642 1653 ludovicus
656 1579 858 1649 Fuscorenrrs
875 1577 993 1648 Yxotoe
1010 1573 1189 1672 Nogorolae
1196 1575 1228 1646 S.

392 1911 402 1961 ς
608 1910 687 1959 arta
704 1901 782 1960 sunt
800 1884 879 1957 mihi
895 1885 1058 1959 hesterno
1071 1884 1206 1981 vesperi
1221 1884 1274 1956 lit·

632 2018 717 2075 terae
736 2017 815 2090 tuae,
835 2024 920 2099 quas
938 1999 1065 2073 totiens
1083 1999 1162 2097 legi,
1177 1999 1273 2097 quod

632 2115 788 2214 proxima
798 2132 902 2190 nocte
912 2139 1068 2187 somnum
1082 2115 1192 2188 oculis
1207 2139 1274 2188 non

420 2230 487 2304 vidi
515 2232 618 2320 meis;
647 2231 693 2305 ita
715 2248 864 2303 mentem
887 2254 999 2304 meam
1025 2229 1219 2319 distraxisti,
1240 2247 1276 2304 ut

421 2346 504 2446 quid
522 2365 659 2421 acturus
676 2347 739 2420 sim
758 2346 919 2420 nesciam.
938 2345 1033 2421 Hinc
1052 2371 1108 2420 me
1126 2346 1275 2420 rationes

379 2486 408 2522 10
422 2461 610 2561 impellunt,
629 2462 709 2535 hinc
724 2461 833 2559 pietas
847 2479 915 2550 tua,
931 2486 1033 2559 quam
1047 2462 1139 2536 omni
1154 2479 1275 2536 aucto·

421 2576 510 2650 ritati
528 2593 565 2651 et
581 2576 736 2675 dignitati
757 2596 946 2675 antepono,
965 2594 1000 2651 et
1018 2577 1179 2667 carmina,
1194 2603 1275 2675 quae

423 2691 548 2766 nedum
574 2692 868 2769 constantissimos
886 2692 977 2769 viros
993 2693 1182 2782 allicerent,
1212 2693 1275 2767 sed

423 2825 558 2882 montes
577 2809 769 2899 transferre,
789 2808 926 2882 flumina
943 2825 979 2882 et
996 2791 1111 2882 solem'
1123 2808 1168 2882 ad
1182 2826 1276 2882 ortus

423 2948 504 2999 suos
517 2924 631 2998 redire
643 2942 821 3023 cogerent.
838 2927 1040 3012 Statuerarn,
1054 2924 1154 2998 sicuti
1168 2924 1276 3021 scrip-

382 3064 407 3116 ις
423 3063 545 3127 serant,
563 3056 678 3115 vestro
691 3066 759 3114 non
770 3040 816 3113 uti
827 3039 988 3137 hospitio.
1006 3042 1109 3113 Nunc
1123 3039 1155 3112 in
1169 3039 1277 3114 dubio

424 3179 508 3228 sum.
519 3157 646 3253 Apollo
659 3156 1002 3230 consulendusesset
1019 3155 1052 3229 si
1064 3173 1132 3231 tuae
1146 3181 1276 3230 morem

424 3294 567 3369 gessero
577 3271 752 3362 voluntati,
763 3271 974 3370 eloquentiae
989 3289 1057 3346 tuae
1072 3272 1210 3363 tribues,
1221 3273 1276 3345 cui

474 3535 521 3583 Nr.
541 3547 592 3595 ια).
627 3536 661 3600 (ς)
678 3543 786 3586 externo
803 3536 833 3587 G
868 3536 901 3599 (8)
919 3536 1051 3585 distrusistl
1073 3535 1103 3586 C.
