2820 4680
651 567 710 630 ²49

254 735 331 799 nato
356 733 463 823 captia
488 724 590 797 emisit
605 723 756 822 spiritum.
791 725 914 799 Ratio:
934 725 1016 822 quia
1032 727 1105 799 cul-

256 868 311 940 pae
346 864 454 938 poena
486 840 639 914 debebat
672 840 959 938 correspondere.
994 840 1104 918 Adam

254 959 328 1032 tulit
353 982 493 1056 pomum
520 956 598 1054 ligni
617 955 722 1043 vetiti,
741 957 900 1031 Christus
918 981 1035 1055 passus
1053 973 1105 1031 est

255 1074 287 1146 in
315 1073 407 1171 ligno
428 1072 549 1169 sicque
575 1071 750 1146 satisfecit.
774 1073 997 1170 Augustinus:
1017 1075 1105 1147 Cort-

254 1188 381 1287 tempsit
404 1188 512 1261 Adam
532 1197 744 1286 praeceptum,
773 1205 809 1261 et
836 1212 903 1261 non
921 1188 1007 1262 dixit
1024 1189 1104 1277 Eva,
1138 1220 1146 1267 r

255 1303 418 1402 accipiens
444 1318 576 1402 pomum
606 1329 650 1376 ex
679 1304 803 1377 ardore.
840 1303 910 1378 Sed
936 1303 1105 1401 quidquid

254 1421 363 1494 Adam
383 1419 542 1518 perdidit,
562 1420 721 1493 Christus
739 1420 943 1494 instauravit.
966 1422 1108 1494 Psalmo

257 1538 336 1609 LXI
363 1538 420 1609 11.:
449 1537 540 1633 Qum
566 1560 629 1608 non
659 1535 756 1634 rapui
784 1544 857 1608 tunc
886 1534 1103 1608 exsolvebam.

255 1651 361 1724 Vides
376 1651 502 1749 itaque,
513 1666 676 1748 quantum
696 1650 795 1724 suerit
808 1649 895 1724 ndae
909 1667 1104 1748 peccatum,

255 1767 299 1841 ad
326 1766 422 1864 quod
449 1765 634 1841 delendum
654 1783 746 1840 tanta
763 1790 852 1865 opus
871 1766 969 1839 suerit
987 1791 1103 1864 poena.
1123 1798 1152 1834 ιο

258 1884 385 1980 Neque
407 1881 494 1956 Adae
512 1884 648 1978 culpam
668 1881 700 1953 in
720 1883 824 1954 Evam
842 1882 986 1955 reiicere
1004 1899 1106 1979 potes

255 1998 445 2071 Aristotelis
462 1997 684 2070 auctoritare:
713 1997 881 2094 quidquid
907 2015 960 2071 est
985 2021 1106 2072 caussa

256 2136 388 2187 caussae
414 2129 467 2186 est
497 2135 618 2185 caussa
634 2112 791 2185 caussati.
822 2114 911 2185 Nam
931 2115 1008 2186 haec
1025 2136 1107 2188 vera

255 2246 332 2300 sunt
350 2228 382 2300 in
402 2229 463 2316 his,
482 2252 562 2324 quae
580 2244 667 2315 sunt,
687 2244 723 2301 ut
741 2229 851 2325 probe
869 2229 969 2317 nosti,
988 2251 1051 2326 per
1067 2253 1105 2303 se

255 2367 399 2433 caussae,
413 2343 509 2441 quod
528 2369 589 2440 par
605 2360 658 2417 est
675 2343 721 2417 de
737 2368 860 2418 caussa
877 2345 995 2442 prima,
1014 2345 1106 2442 prin·
1123 2377 1147 2421 n

256 2459 349 2556 cipio
380 2460 490 2556 primo
508 2476 544 2532 et
560 2479 703 2558 propter
721 2459 816 2556 quod
835 2460 1105 2558 unumquodque

256 2576 319 2649 dre.
353 2574 462 2674 Quod
498 2600 565 2648 non
596 2575 692 2649 vides
723 2575 754 2647 in
786 2577 857 2649 Eva
886 2576 1000 2665 suisse,
1026 2577 1108 2673 quia

255 2689 364 2764 Adam
387 2707 445 2764 aut
463 2691 604 2763 liberum
625 2691 743 2764 habuit
759 2691 931 2764 arbitrium
950 2707 1007 2764 aut
1025 2714 1103 2764 non.

257 2806 289 2878 Si
309 2830 377 2878 non
396 2805 524 2893 habuit,
535 2805 613 2878 nihil
634 2805 810 2902 peccavit;
829 2805 856 2879 si
875 2805 1002 2895 habuit,
1021 2828 1105 2902 ergo

258 2922 328 2993 Eva
345 2920 464 3018 coegit
490 2920 581 3005 illud,
601 2921 697 3017 quod
715 2920 786 2993 fieri
806 2944 1023 3017 nequaquam
1042 2944 1106 3018 po·
1122 2954 1152 2989 ιο

256 3051 331 3109 test.
365 3036 455 3108 Nam
481 3035 625 3109 affirmat
645 3035 839 3109 Bernardus
856 3036 999 3107 liberum
1016 3035 1106 3108 arbi-

256 3151 354 3222 trium
385 3175 448 3248 pro
479 3149 629 3247 ingenita
658 3151 834 3225 nobilitate
864 3175 885 3224 a
910 3152 1000 3225 nulla
1024 3151 1104 3248 cogi

256 3266 472 3355 necessitate,
513 3291 625 3363 neque
662 3290 682 3338 a
713 3266 793 3354 den,
824 3265 904 3362 quia
932 3265 983 3339 sic
1012 3283 1106 3339 esset

255 3381 338 3455 dare
367 3380 438 3455 duo
456 3380 618 3478 opposita
635 3397 724 3454 stare
742 3380 849 3455 simul.
889 3383 971 3455 Non
990 3398 1106 3479 potest

301 3531 335 3596 (a)
354 3531 455 3580 esuum
473 3531 586 3579 uxarn.
605 3532 638 3594 (ν.
659 3531 697 3594 q:
714 3531 781 3594 ουκ
798 3545 818 3581 ι.
