2814 5116
546 914 580 979 95

136 1068 211 1142 sari.
243 1072 334 1142 llaec
362 1087 473 1144 tamen
501 1070 617 1144 ollicia
644 1071 821 1168 plurimum
849 1070 983 1145 distant.

137 1185 211 1280 Ego
242 1184 412 1281 periculis,
444 1209 570 1273 errore,
606 1184 728 1258 dolore
761 1186 985 1260 Brixiensium

135 1324 370 1388 commoveor,
398 1317 431 1373 tu
461 1300 580 1373 luturae
599 1300 722 1396 quietis
740 1302 985 1399 expectatione

136 1415 328 1489 delectaris.
358 1418 431 1512 Ego
458 1442 500 1488 ne
528 1415 622 1489 fallar
640 1416 788 1513 invigilo,
808 1435 841 1490 tu
860 1418 985 1492 acutis·

134 1531 218 1604 sime
246 1531 435 1626 intelligens
458 1532 489 1603 in
508 1556 638 1604 summa
656 1557 765 1604 rerum
785 1533 984 1628 cognitione
1017 1570 1025 1618 ς

135 1646 277 1719 nutriris.
291 1648 364 1743 Ego
374 1647 567 1719 cautissime
583 1647 807 1742 nequissimos
821 1649 982 1738 observo,

134 1778 168 1833 tu
194 1760 442 1859 simplicissime
469 1763 700 1835 sanctissimos
718 1762 814 1836 colis.
844 1765 918 1858 Ego
935 1762 983 1836 vi·

134 1893 201 1948 tam
229 1901 338 1950 meam
358 1877 389 1948 in
409 1877 541 1950 somnia
559 1893 737 1964 converto,
757 1895 791 1950 tu
809 1877 981 1975 gradibus

134 1990 229 2087 quod
260 1991 318 2063 tibi
349 1992 461 2065 divina
487 1993 670 2066 clementia
696 1994 905 2066 constituere
931 1992 982 2067 di·

131 2124 234 2203 gnata
252 2123 314 2195 est,
334 2106 378 2180 ad
396 2110 518 2180 caelum
539 2107 659 2182 tendis.
689 2109 759 2182 llic
778 2134 888 2182 rerum
906 2135 982 2183 om·
998 2150 1027 2186 ιο

133 2222 222 2295 nium
250 2223 435 2318 indigentia
462 2249 516 2296 me
543 2222 719 2297 doloribus
745 2242 856 2315 vexat,
888 2225 980 2324 apud

132 2355 165 2410 te
179 2356 297 2411 sancta
311 2340 425 2412 omnia
434 2343 558 2413 lsotam
574 2340 801 2414 felicissimam
821 2339 978 2418 reddunt.

132 2455 206 2550 Ego
220 2455 369 2550 corpori,
381 2472 415 2527 tu
425 2456 548 2528 animae
562 2455 678 2543 servis,
689 2457 808 2529 summi
819 2456 875 2533 dei
886 2483 980 2532 man·

130 2570 217 2644 datis
232 2571 401 2644 inhaerens
420 2572 509 2643 bene
529 2571 627 2644 sactis
645 2597 725 2644 vere
742 2572 884 2670 gaudes.
905 2576 980 2671 Ego

130 2686 358 2783 cogitationes
402 2711 495 2760 meas
537 2712 747 2761 evanescere
785 2712 978 2786 cognosco,
995 2728 1020 2778 ις

129 2801 235 2874 timeo
249 2801 412 2898 superari,
428 2803 460 2874 in
474 2801 766 2876 administratione
781 2804 871 2877 urbis
890 2830 978 2879 meae

129 2916 208 2991 fidei
234 2917 429 2991 commissae
457 2919 535 3000 salli,
563 2921 681 2993 hostes
700 2919 909 3017 provinciam
929 2921 978 2993 in-

126 3032 242 3129 gredi;
271 3050 305 3105 tu
332 3034 419 3106 vinci
448 3060 516 3107 non
544 3053 654 3131 potes,
683 3034 778 3131 quod
796 3059 889 3109 amas
908 3062 976 3109 non

127 3148 309 3238 auferetur,
336 3167 371 3222 et
397 3152 510 3247 plures
536 3150 682 3222 comites
709 3150 741 3223 in
760 3150 861 3223 divini
881 3151 976 3248 regni

126 3265 348 3338 successione
367 3266 495 3338 habere
512 3265 676 3363 gloriaris.
705 3265 841 3339 Idcirco
859 3268 1022 3341 lactarem

126 3396 162 3452 et
179 3380 408 3477 compatiaris.
428 3383 523 3454 Vale.

172 3583 221 3646 (17)
238 3585 390 3646 prouintiarn
407 3586 436 3634 C.
