2820 4680
537 555 593 634 3⁶9

136 724 232 784 Verus
246 721 326 803 apud
340 721 451 803 vulgus,
469 722 550 803 quod
567 741 622 784 nec
637 724 749 784 ratione
764 734 900 785 movetur

139 822 207 880 Nec
221 821 365 900 probitate
380 839 441 893 sua
460 821 512 881 aed
528 831 669 899 quantum
685 820 793 881 lumine
808 822 910 895 cernit,

135 920 264 978 Tantum
279 917 444 999 splendoris
459 917 573 978 laetatur
587 917 700 979 honore
714 917 841 981 caduci?

137 1016 188 1076 Oh
215 1016 349 1076 miseram
372 1033 591 1094 quamcumque
616 1016 693 1076 iuvat
706 1034 887 1097 componere
902 1017 989 1078 fronti
1005 1037 1050 1072 100

137 1114 300 1174 Cincinnos
323 1112 459 1193 colloque
475 1113 569 1174 nivem
585 1113 768 1193 nitidumque
790 1114 905 1188 monile,

140 1212 177 1270 Et
192 1210 295 1269 faciem
311 1209 410 1270 lucare
426 1229 529 1270 novam
541 1209 721 1291 Sydonaque
736 1221 815 1272 veste

139 1310 206 1369 Prae
220 1326 252 1368 se
267 1308 343 1368 serre
359 1327 433 1368 nova
446 1327 616 1389 corpusque
630 1309 780 1389 effingere,
799 1309 886 1389 quale

139 1408 207 1466 Nec
222 1417 324 1466 natura
338 1405 419 1467 dedit
435 1425 490 1467 nec
504 1406 632 1467 habebat
645 1406 769 1468 honesta
785 1407 898 1468 Dianal

139 1504 310 1566 Reddamus
324 1504 430 1565 similes
446 1523 507 1578 nos,
526 1523 625 1565 omea
639 1504 733 1579 turba
752 1524 895 1579 sororum,
1005 1523 1047 1576 105

136 1603 222 1681 Quas
240 1602 386 1663 Helicone
401 1614 476 1663 satas
490 1603 588 1663 cuncti
602 1603 704 1664 dixere
719 1613 825 1684 poetae,

136 1700 367 1780 virgineumque
382 1699 474 1761 decus
489 1699 630 1782 praeclara
645 1701 787 1762 modestia
802 1713 897 1762 servet

138 1799 326 1878 Intentusque
342 1797 447 1878 pudor.
469 1799 586 1859 Rubeat
600 1810 671 1860 tunc
685 1798 780 1860 vultus
793 1809 823 1859 et
837 1817 889 1860 ore

139 1894 268 1955 Flamma
292 1897 326 1956 sit
341 1897 369 1955 in
384 1907 455 1969 toto,
473 1915 540 1956 cum
555 1896 713 1976 quicquam
728 1895 845 1957 auditur
858 1897 989 1979 ineptum

137 1995 352 2075 lndignumque
372 1994 461 2067 bona;
477 2005 548 2054 tunc
563 1994 668 2075 palleat
682 2012 734 2055 ore
751 1994 857 2055 niventi
1004 2015 1050 2051 110

136 2091 273 2151 Pallidior
288 2092 367 2151 buxo
382 2091 477 2152 luerat
490 2110 579 2171 quam
594 2110 725 2173 purpura
739 2092 899 2171 quondam,

136 2190 242 2250 ludicis
256 2190 358 2249 aeterni
373 2207 440 2249 cum
455 2189 702 2270 contemplabitur
715 2209 803 2262 arma,

138 2289 175 2346 Et
190 2298 299 2346 metuat
314 2305 418 2367 poenas
433 2305 440 2360 ;
458 2287 536 2347 Ditis
551 2285 739 2347 meditabitur
753 2298 844 2348 antra.

136 2386 214 2443 lnter
230 2397 386 2464 utrumque
400 2385 487 2444 animi
502 2404 608 2446 munus
623 2385 717 2445 nativa
741 2385 870 2446 manebit

137 2483 243 2540 Forma
256 2492 286 2540 et
299 2481 396 2542 cultus
410 2481 464 2542 erit
478 2483 623 2561 gravitatis
638 2483 748 2543 amicus
764 2494 794 2543 et
808 2484 896 2563 aequi.
1004 2501 1045 2552 ης

136 2579 194 2649 Da,
222 2578 304 2651 deus,
333 2579 399 2639 haec
413 2597 460 2639 me
474 2590 581 2640 cuncta
595 2579 689 2658 sequi,
708 2596 778 2659 quae
791 2579 880 2660 digna
894 2580 986 2641 beatis

133 2675 208 2735 Sunt
222 2676 333 2748 animis,
353 2676 472 2756 indigna
485 2688 583 2737 autem
598 2677 708 2738 virtutis
722 2696 823 2739 amore

138 2771 276 2851 Effugere
288 2784 320 2833 ut
335 2785 458 2854 pestem,
478 2774 534 2834 sub
548 2775 710 2853 virginitate
724 2776 830 2836 morari
849 2777 854 2780 ”

133 2870 257 2950 Semper
269 2889 314 2943 ea,
333 2887 403 2949 quae
417 2890 477 2932 non
491 2882 602 2931 tantum
618 2871 649 2931 fit
662 2873 795 2953 eorporis
809 2892 873 2948 usu,

133 2968 192 3028 Sed
208 2969 312 3029 mentis
327 2969 443 3049 pietate,
467 2980 573 3049 potens
586 2969 729 3030 obsistere
745 2969 849 3045 fraudi,
1003 2992 1049 3028 120

134 3067 234 3144 Quam
250 3066 331 3126 luror
345 3066 503 3127 indomitus
517 3067 640 3126 tentabit
653 3067 797 3128 daemonis
811 3068 873 3128 atri.

135 3165 185 3224 Da
200 3165 267 3224 milri
282 3165 393 3225 divitias
407 3177 598 3225 contemnere
614 3165 715 3246 plebis,
734 3176 763 3227 at
776 3165 837 3226 illas

133 3262 291 3341 Quaerere,
307 3282 380 3342 quas
391 3281 506 3345 pauper
518 3282 626 3344 supera
639 3262 768 3325 lucratur
781 3262 810 3323 in
824 3281 902 3324 arce.

181 3452 393 3517 (rr3lmetuetV‚
427 3453 613 3512 V.1140m.V.
647 3449 796 3514 (119)sitl'.
830 3447 988 3514 (rultemp-

134 3533 198 3582 tabit
218 3535 245 3581 v,
281 3533 345 3596 (ιη)
362 3535 471 3582 luctatur
490 3535 518 3581 V.

185 3655 246 3697 laete
259 3654 370 3710 Nogarole
383 3653 460 3711 open.
472 3654 498 3696 11.
853 3650 882 3698 ²⁴
