2820 4680
699 585 757 647 ²30

299 738 414 832 edens,
456 747 555 814 morte
587 736 740 831 monens,
781 755 818 812 et
858 765 927 813 non
967 739 1152 813 moriemim.

200 894 203 899 ·
301 856 381 928 Nec
407 854 538 945 mirum,
556 854 585 928 si
605 854 746 929 odeum
765 869 894 927 tantum
912 853 1082 929 directum
1100 871 1155 928 est

299 987 525 1067 praeceptum,
555 968 839 1067 quandoquidem
870 971 975 1068 pluris
1004 969 1155 1045 faciebat

299 1085 405 1159 virum
422 1109 526 1182 quom
544 1085 730 1174 mulierem,
750 1084 841 1159 unde
859 1111 928 1159 non
943 1086 992 1160 vir
1005 1087 1154 1161 mulieris

273 1199 417 1298 ignor,
443 1198 506 1274 sed
533 1199 653 1274 mulier
673 1216 817 1298 propter
833 1200 940 1274 virum
959 1202 1052 1276 sacto
1068 1202 1154 1301 legi·

299 1333 362 1390 tur.
383 1318 574 1414 Postquam
600 1316 727 1391 etenim
753 1315 913 1392 dominus
930 1317 1088 1392 formavit
1104 1318 1154 1391 vi·

299 1457 384 1523 rum,
398 1456 477 1506 cum
491 1433 617 1505 nullum
631 1431 754 1506 animal
768 1432 897 1506 homini
911 1432 1021 1522 simile
1034 1457 1153 1530 reper-

299 1564 370 1620 tum
395 1563 499 1636 esset,
525 1545 610 1620 dixit
630 1546 828 1621 altissimus:
856 1550 935 1621 Non
960 1557 1009 1621 est
1034 1548 1153 1622 bonum

298 1662 458 1736 hominem
482 1687 555 1735 esse
577 1660 693 1755 solum,
720 1659 885 1757 faciamus
910 1663 943 1737 ei
961 1663 1154 1743 adiutorium

257 1803 287 1840 ιο
298 1776 401 1851 simile
439 1777 513 1871 sibi,
551 1777 740 1876 immisitque
775 1792 925 1876 soporem
955 1778 986 1851 in
1016 1779 1128 1854 Adam
1138 1809 1154 1870 ;

299 1919 435 1993 cumque
450 1892 671 1985 obdormisset,
693 1892 762 1967 tulit
784 1918 882 1967 unam
906 1893 949 1967 de
973 1894 1068 1969 costis
1084 1896 1154 1970 em

299 2018 332 2083 et
346 2007 521 2112 oedifioouit
535 2017 670 2102 costam,
682 2034 780 2109 quom
793 2009 917 2102 tulerat,
935 2009 966 2082 in
979 2010 1151 2086 mulierem.

302 2127 382 2198 Nec
407 2125 593 2199 dicendum
619 2124 753 2198 videtur
778 2149 947 2223 peccasse
964 2127 1152 2218 mulierem,

208 2272 212 2287 ·
299 2239 396 2338 quod
422 2239 478 2313 dei
503 2239 645 2314 similem
675 2265 713 2314 se
740 2240 810 2314 fieri
830 2240 937 2338 magis
954 2241 1151 2334 crediderit,

257 2377 284 2433 ¹5
299 2355 363 2429 sed
388 2372 532 2453 propter
558 2355 772 2454 fragilitatem
799 2355 914 2454 potius
939 2373 976 2430 et
997 2359 1152 2455 volupta-

300 2488 389 2560 tem;
417 2470 527 2545 unde:
556 2469 640 2544 vuit
666 2470 789 2564 mulier,
818 2471 907 2572 quod
931 2471 1049 2544 bonum
1069 2482 1155 2546 esset

300 2586 417 2687 imnum
449 2585 497 2667 ad
536 2586 726 2660 uescendum
767 2596 800 2661 et
836 2587 1008 2687 pulchrum
1052 2587 1153 2661 oculis

299 2712 497 2802 aspectuque
512 2701 701 2776 delectabile
725 2711 758 2776 et
781 2701 850 2776 tulit
872 2703 914 2777 de
929 2699 1044 2804 smctu
1068 2703 1152 2776 illius

300 2826 333 2891 et
355 2816 492 2891 comedit
515 2816 665 2917 deditque
698 2816 764 2891 uiro
795 2844 865 2893 suo.
897 2821 942 2892 At
967 2836 1150 2916 peccatum

256 2935 390 3032 rogulae
425 2932 517 3007 iuxta
550 2935 792 3031 theologorum
826 2935 1030 3008 sententiam
1064 2934 1152 3007 inter

301 3047 380 3122 vitia
409 3048 559 3122 carnalia
586 3065 815 3147 computatur,
850 3076 941 3149 quse,
981 3068 1017 3124 ut
1053 3049 1151 3124 divus
1241 3150 1246 3159 .

347 3301 414 3367 (8.9)
430 3303 572 3353 Altissimus
589 3303 667 3367 (Gen.
686 3304 717 3352 11.
738 3302 843 3368 10.21):
861 3305 920 3353 Non
929 3312 969 3353 est
986 3304 1011 3352 b.
1029 3317 1089 3353 esse
1106 3306 1151 3354 ho-

283 3381 393 3453 'minem
415 3394 436 3432 ι.
477 3381 528 3446 (ιο)
554 3382 671 3432 lmmissit
702 3397 766 3446 ergo
797 3384 923 3434 Dominus
947 3385 1022 3433 Deus
1045 3397 1103 3447 sop.
1129 3399 1149 3435 ι.

300 3462 351 3525 (ιι)
366 3462 425 3512 sed.
445 3463 570 3513 Dominus
587 3465 661 3513 Deus
676 3471 774 3514 costum
789 3476 834 3526 qu.
852 3473 870 3513 t.
883 3464 917 3514 de
927 3464 1008 3514 Adam
1021 3466 1044 3513 in
1055 3467 1116 3515 mul.
1128 3479 1149 3516 e.

301 3542 350 3604 (ro)
370 3541 445 3590 Unde
462 3541 539 3605 (Gen.
559 3543 601 3590 ΙΙΙ.
619 3543 659 3606 oi:
678 3543 745 3592 Vidit
761 3554 781 3593 t.
