2820 4680
712 607 751 674 26

302 804 345 880 ac
355 782 583 879 pulcherrime
592 783 763 881 religionis
773 783 965 882 imaginem,
980 784 1027 857 uti
1041 783 1155 859 lerunt

302 898 383 975 olim
401 898 640 972 Eracleontem
666 900 800 974 Zeusim
821 899 913 997 apud
931 900 1155 976 Crotoniates

302 1038 340 1091 re
365 1013 440 1111 ipsa
463 1013 600 1104 fecisse,
625 1040 698 1112 quo
723 1032 842 1112 posset
858 1027 903 1091 ex'
922 1016 1152 1113 pulchriorum

302 1127 465 1230 uirginum
495 1129 593 1203 simul
631 1130 748 1205 sormis
786 1130 949 1229 inspectis
983 1131 1152 1229 picturam

276 1281 286 1332 t
305 1246 454 1323 Helenae
479 1270 580 1343 quam
599 1245 874 1322 formosissimam
891 1264 996 1344 atque
1013 1250 1153 1346 elegan-

302 1361 462 1437 tissimam
488 1386 549 1437 sua
569 1379 642 1437 arte
660 1362 850 1437 traducere.
874 1363 954 1437 Tibi
974 1387 1039 1437 una
1055 1363 1153 1461 virgo

301 1477 457 1568 sufficiat,
480 1504 581 1576 quam
601 1480 754 1554 intueare
772 1478 1012 1576 dignissimam,
1032 1479 1064 1552 in
1083 1504 1152 1576 qua

301 1618 422 1670 omnes
455 1595 621 1693 spiritales
655 1594 913 1692 pulchritudinis
939 1612 1053 1692 partes
1078 1595 1152 1669 exi·

301 1727 404 1801 stunt,
423 1710 456 1783 in
473 1734 543 1807 qua
560 1726 737 1808 postremo
758 1725 851 1784 tanta
876 1710 1058 1809 perfectio,
1077 1726 1152 1785 uta

259 1862 288 1899 to
301 1826 419 1925 quavis
445 1825 632 1900 rectissima
656 1825 788 1899 ratione
810 1825 946 1900 artificis
972 1826 1051 1900 nihil
1069 1825 1151 1902 addi

300 1945 355 2017 uel
384 1941 476 2016 demi
511 1958 625 2038 queat.
663 1944 783 2041 Quare
817 1941 860 2014 sit
887 1941 998 2016 Maria
1028 1942 1099 2033 tibi,
1126 1968 1152 2017 o

301 2061 402 2149 lsom,
428 2057 603 2155 singularis
624 2057 734 2131 sorma
750 2057 897 2148 vivendi,
915 2058 1150 2157 componendi

302 2197 425 2263 mores,
451 2172 590 2247 colendi
616 2171 730 2263 deum,
756 2172 912 2248 sectandi
938 2173 1086 2265 virtutes,
1114 2192 1151 2248 ut

301 2288 463 2387 quoniam
500 2288 574 2386 ipsa
602 2305 656 2362 est
680 2290 896 2387 pulchrarum
922 2290 1151 2389 pulcherrima

258 2439 284 2493 ις
300 2422 564 2502 sanctarumque
588 2403 799 2479 sanctissima
828 2404 1014 2494 mulierum,
1046 2404 1151 2479 immo

300 2538 337 2595 et
365 2520 511 2594 virorum
544 2518 694 2594 omnium
725 2536 760 2593 et
789 2520 1000 2617 angelorum,
1030 2519 1149 2595 eiusce

300 2637 514 2711 simulacrum
529 2635 561 2709 in
576 2651 633 2709 tua
646 2651 761 2708 mente
774 2651 810 2708 et
822 2659 971 2733 corpore
985 2652 1148 2732 quantum

300 2753 464 2850 possibile
493 2751 594 2827 fuerit
623 2750 753 2841 imitari,
780 2751 973 2848 exprimere
998 2752 1147 2827 coneris.

301 2868 374 2943 Eris
398 2868 479 2943 inde
505 2867 668 2966 prolecto
689 2867 781 2942 iuxta
798 2865 972 2941 modulum
990 2884 1083 2941 tuum
1102 2865 1149 2942 de

257 3019 287 3055 ιο
298 2985 511 3060 sanctissima
538 3000 668 3074 sancta,
698 2983 744 3058 de
762 2982 1004 3057 formosissima
1020 2981 1151 3060 educta

299 3099 460 3193 formosa,
475 3117 511 3174 ut
522 3117 559 3175 et
571 3124 716 3198 sponsus
728 3099 788 3173 tibi
802 3098 848 3173 de
862 3098 1017 3173 Canticis
1034 3098 1147 3176 dicat:

301 3218 419 3318 Quam
435 3217 578 3316 pulchra
594 3240 634 3291 es
650 3216 761 3290 amica
778 3239 865 3305 mea,
884 3239 985 3313 quam
1003 3217 1149 3315 pulchra

298 3355 356 3423 es;
374 3331 466 3407 oculi
483 3331 530 3406 tui
547 3332 798 3406 columbarum!

345 3516 381 3579 (ι)
407 3517 565 3579 pulcherime
589 3516 620 3578 C,
653 3515 852 3580 pulcherrima?
899 3514 935 3578 (9)
964 3514 1083 3578 perlecto
1112 3516 1144 3567 Ο

298 3596 514 3662 (talpulclrerlrna
529 3596 560 3648 G
592 3595 644 3658 (rol
659 3594 800 3647 anausim
814 3594 845 3646 G
