2820 4680
492 1261 680 1360 Pandulsur
696 1263 738 1337 de
754 1263 939 1338 Malatestis
961 1289 1127 1362 generosae
1152 1263 1293 1337 domr'rrae

602 1415 738 1514 Angelae
755 1415 797 1488 de
813 1414 988 1513 Nogurolis
1005 1415 1184 1514 respondet.

471 1841 502 1901 Ο
517 1838 609 1900 decus
623 1839 782 1919 egregium,
801 1840 881 1919 virgo
895 1839 1085 1900 celeberrima
1102 1840 1207 1912 Musis,

473 1936 571 1998 Unica
586 1954 639 2016 per
654 1948 783 1997 nostrum
798 1935 919 1997 volitans
934 1956 1013 1998 nunc
1028 1938 1139 1998 aethera
1155 1937 1257 2009 Fenus,

470 2033 531 2095 Cui
544 2032 663 2093 caeleste
677 2033 758 2093 dedit
772 2034 860 2095 virtus
872 2053 1004 2116 praesaga
1019 2036 1107 2097 futuri

472 2131 592 2191 Nomen
606 2141 636 2190 et
651 2131 797 2209 ingenium
813 2134 912 2212 superi
927 2133 1024 2193 iecere
1039 2133 1227 2214 profundum.

443 2253 452 2302 ς
472 2228 603 2288 Munera
617 2226 705 2308 digna
719 2228 785 2288 viris
799 2230 916 2310 repetis,
936 2249 995 2289 non
1010 2248 1097 2310 aequa
1112 2230 1222 2311 puellis,

470 2325 553 2405 Quae
576 2324 642 2385 licet
664 2324 760 2406 ampla
775 2326 879 2399 forent,
899 2328 1015 2408 penitus
1029 2346 1077 2387 me
1091 2328 1179 2388 dante
1194 2327 1316 2400 tulisses,

469 2420 500 2482 Si
521 2421 611 2482 modo
625 2441 712 2502 quam
728 2424 833 2502 rogitas
848 2436 1004 2505 praestetur
1017 2426 1103 2506 copia
1115 2443 1241 2505 gemmae

470 2520 528 2580 Aut
542 2519 609 2580 alibi
624 2520 754 2600 reperire
768 2539 874 2600 queam
890 2523 934 2581 vel
948 2533 979 2583 tu
995 2541 1116 2603 quoque
1132 2541 1233 2604 posses

474 2616 625 2691 Reddere,
644 2616 714 2678 dum
730 2630 833 2698 pectus
846 2620 954 2700 cupide
969 2621 1079 2682 satiaris
1094 2622 1259 2681 honestum.

430 2740 458 2776 ιο
472 2714 551 2794 Quis
566 2715 645 2779 ferus
660 2726 690 2774 et
703 2716 809 2776 Traeis
822 2719 938 2796 genitus
953 2719 1008 2779 sub
1023 2737 1096 2800 rupe
1113 2731 1232 2799 negaret

472 2811 646 2891 Quidquam
662 2811 748 2873 dulce
763 2812 822 2887 tibi,
840 2832 995 2894 generosae
1009 2816 1104 2897 stirpis
1118 2817 1244 2890 alumna,

472 2909 613 2970 Carmine
628 2926 697 2988 quae
712 2910 805 2988 possis
820 2921 920 2972 cautes
935 2930 1127 2994 perrumpere
1141 2914 1228 2974 duras

471 3006 568 3086 Atque
591 3007 745 3068 adamanta
767 3026 859 3088 queas
882 3009 1001 3070 nimium
1025 3010 1135 3071 mollire
1151 3010 1322 3092 precando?

474 3103 586 3184 Neque
599 3122 656 3184 ego
669 3117 727 3166 tam
742 3105 834 3168 durus
847 3106 892 3167 vel
906 3119 974 3169 sunt
987 3109 1153 3189 praecordia
1167 3110 1234 3170 ferri

519 3256 629 3305 Carmen
647 3258 790 3320 Panduiphi
815 3261 957 3310 Malatestae
981 3261 1013 3310 ad
1028 3264 1151 3325 Angelum
1166 3263 1322 3324 Nogaroium

471 3335 699 3387 attituiurt'uffl
734 3338 767 3403 (2)
778 3340 941 3390 PhoeuirrAF.
975 3343 1167 3405 (5)petisACF.
1202 3343 1322 3405 (Jiquem

473 3428 493 3463 r.
511 3425 678 3478 perspectum
693 3431 715 3466 c.
733 3431 838 3480 germen
854 3420 903 3468 AF.
939 3419 972 3485 (9)
988 3422 1109 3471 sauciaris
1126 3423 1156 3471 G
1175 3421 1224 3485 (ιο)
1241 3424 1323 3471 Thra·

473 3495 512 3543 cia
520 3495 568 3543 AF.
598 3495 648 3558 (ιι)
659 3499 750 3545 atunna
762 3498 792 3546 C.
822 3498 874 3562 (ιι)
890 3501 981 3548 molire
997 3501 1027 3550 C.
