2820 4680
542 582 594 652 3²5

142 741 291 820 Quaerere
306 757 411 820 magna
424 738 499 800 solet
512 738 679 799 stomachus
695 736 842 798 fomenta.
858 782 865 796 .
881 782 888 796 .

180 836 268 918 Saepe
283 837 363 898 canis
378 836 484 898 latrans
498 835 620 897 vulnera
629 852 706 897 seva
721 834 797 896 lacit.

143 934 282 995 Membra
296 934 392 995 valere
407 934 475 994 lacit
489 944 605 1016 partum
620 931 823 994 moderatione

183 1033 221 1091 Et
235 1029 287 1092 lira
300 1030 468 1093 dulcisonos
487 1030 537 1092 dat
555 1029 706 1091 moderata
720 1047 818 1090 sonos.

139 1127 227 1210 Saepe
243 1128 327 1189 locus
342 1130 446 1190 nimius
461 1128 608 1210 propriam
622 1127 773 1206 consurgit
786 1126 815 1186 in
830 1126 909 1191 iram.

179 1226 266 1307 Saepe
281 1226 364 1288 cibus
379 1227 484 1288 nimius
498 1244 576 1287 mors
590 1225 664 1286 solet
678 1243 742 1286 esse
757 1224 825 1285 suis.

139 1323 240 1384 Sibilat
253 1324 386 1385 esuriens
400 1323 565 1385 miseranda
579 1322 681 1384 milvus
696 1323 725 1383 in
742 1368 748 1382 .
768 1369 775 1382 .
795 1368 801 1382 .

183 1422 221 1481 Et
234 1440 287 1482 sua
301 1420 423 1483 lascivus
436 1433 502 1482 vota
515 1419 664 1500 gemendo
679 1419 749 1479 linit.

139 1518 250 1580 Stultus
264 1538 338 1602 opes
352 1520 488 1581 minuens
501 1518 640 1580 damnum
656 1527 801 1578 mercator
815 1516 852 1577 ad
869 1564 875 1577 .
895 1564 902 1576 .

179 1616 273 1678 Stulta
286 1618 387 1678 Venus
402 1618 537 1678 minuens
551 1615 626 1677 lecta
639 1614 770 1676 dolendo
784 1614 870 1675 fovet.

139 1714 264 1795 Templa
279 1714 427 1796 pudicitiae
442 1732 593 1793 nunquam
608 1714 671 1774 fore
685 1713 776 1773 tristia
790 1720 922 1792 possunt,

182 1813 344 1893 Nunquam
359 1813 499 1873 continua
513 1812 555 1873 sol
570 1812 633 1873 sine
649 1810 714 1872 luce
730 1820 828 1870 manet

138 1908 227 1989 Saepe
243 1909 332 1971 libido
346 1908 420 1971 solet
433 1909 616 1971 truculentos
630 1907 730 1968 ledere
744 1906 847 1981 vultus,

181 2006 268 2087 Saepe
283 2007 356 2068 solet
371 2007 459 2088 pestis
474 2005 574 2066 ledere
590 2005 722 2066 membra
736 2003 838 2064 latens.

141 2105 234 2165 Casta
249 2106 297 2185 pio
312 2104 416 2165 mulier
429 2115 586 2165 veneratur
600 2121 699 2164 amore
714 2102 857 2176 maritum,

183 2203 276 2263 Casta
290 2221 375 2263 suum
390 2213 486 2262 turtur
501 2202 579 2262 novit
592 2219 692 2262 amore
707 2218 817 2282 parem.

140 2299 191 2358 Vir
206 2298 369 2379 mulierque
383 2299 436 2358 sibi
453 2310 601 2359 servantes
616 2297 730 2358 soedera
744 2308 889 2371 crescunt,

179 2395 301 2455 Servant
314 2395 484 2457 alterutrum
499 2414 530 2457 se
546 2395 702 2456 relevando
717 2394 817 2476 pedes.

142 2492 192 2551 Nil
207 2504 251 2553 est
266 2493 391 2553 nobilius
405 2512 492 2572 quam
507 2493 549 2553 vir
564 2493 726 2574 mulierque
741 2492 848 2574 pudici,

182 2590 232 2649 Nil
247 2592 343 2671 potius
356 2593 474 2671 gemino
489 2591 597 2653 lumine
613 2591 739 2653 mundus
754 2590 851 2651 habet.

139 2686 250 2747 Anulus
260 2705 298 2747 ex
313 2688 398 2748 rutilo
411 2701 510 2768 gratus
524 2689 598 2749 solet
612 2707 677 2750 esse
692 2688 796 2770 lapillo,

179 2785 278 2846 Gratis
292 2786 380 2846 habet
394 2788 544 2868 proprium
560 2789 668 2848 semina
677 2798 757 2848 casta
770 2787 871 2847 virum.

141 2883 191 2943 Nil
211 2895 298 2944 nocet
312 2885 340 2944 in
355 2896 466 2946 tantum
481 2903 570 2964 quam
585 2886 607 2945 si
623 2885 727 2947 mulier
740 2884 914 2958 dominatur,

180 2981 309 3043 Flamma
323 2981 411 3043 larem
426 2984 576 3065 proprium
590 2983 832 3064 transgrediendo
848 2994 943 3043 nocet.
1004 3014 1048 3061 ³30

140 3079 276 3141 Perditur
290 3080 418 3161 igniferis
432 3081 542 3142 iuvenis
556 3081 715 3142 meretricis
729 3080 828 3140 ocellis

183 3291 248 3356 (307)
265 3301 393 3342 stomacus
403 3293 528 3342 tormenta
536 3294 565 3342 C.
604 3295 687 3343 Versus
703 3292 829 3342 lacunosus
845 3294 886 3341 est.
921 3291 985 3355 (310)

136 3372 335 3421 dulcissonosC.
362 3371 525 3436 (traicibum
540 3373 570 3422 C.
599 3371 836 3437 (313)exuriens0
863 3372 986 3435 (mllio-

136 3465 183 3514 pes
200 3453 230 3501 C.
264 3452 401 3514 dampnum
423 3452 452 3502 C.
488 3451 552 3515 (320)
569 3453 675 3501 menbra
697 3452 727 3502 C.
770 3453 836 3517 (3²9)
852 3465 930 3514 quem
953 3451 983 3500 C.

136 3532 298 3593 (noll-“lama
315 3532 344 3580 G
