2820 4680
703 581 759 667 ³48

304 756 460 831 homines
481 774 517 831 et
537 759 749 856 eloquentiae
763 759 793 830 vi
808 759 979 857 pollentes
991 781 1159 831 annume-

302 898 388 963 rare,
407 873 503 947 cuius
521 873 662 971 quidem
677 875 726 948 rei
741 891 847 949 testes
860 890 938 947 sunt
950 898 1067 948 eurum
1082 874 1161 973 epi-

301 990 401 1062 stolae
414 1013 516 1086 quam
531 989 695 1087 plurimae,
706 989 881 1064 orationes
893 1006 930 1062 et
941 988 1108 1086 gravitate
1122 1006 1161 1063 et

301 1104 546 1177 vocabulorum
565 1104 736 1201 elegantia
753 1104 901 1193 relertae,
923 1129 965 1178 ac
992 1106 1161 1178 nonnulla

275 1219 452 1295 tcarmina
468 1220 513 1293 ab
532 1219 613 1318 ipsis
639 1220 824 1318 virginibus
845 1219 950 1310 edita,
978 1219 1159 1318 inquibus

301 1359 420 1409 cursus
437 1352 490 1409 est
507 1351 612 1434 atque
632 1351 668 1409 ut
687 1334 817 1409 Plinius
834 1334 969 1409 diceret
986 1336 1156 1410 robustus.

299 1451 620 1526 Animadverterunt
633 1452 779 1550 virgines
796 1451 959 1550 egregiae,
974 1451 1070 1550 quod
1089 1453 1158 1526 ob-

299 1567 432 1641 livionis
450 1592 583 1642 morsus
599 1567 748 1642 evadere
763 1593 831 1641 non
846 1584 1016 1665 poterant,
1035 1566 1098 1640 nisi
1112 1591 1155 1641 se

299 1683 419 1757 litteris
446 1683 660 1773 illustrarent,
686 1700 818 1757 etcum
838 1682 1067 1757 intellexerint
1085 1683 1154 1757 hac

256 1823 286 1859 ιο
300 1798 513 1896 potissimum
530 1799 731 1897 eloquentia
752 1798 859 1873 docta
876 1823 1017 1896 perora
1041 1797 1151 1871 virum

299 1914 440 1988 volitare
454 1938 569 2012 posse,
583 1939 659 1989 eam
674 1931 846 2012 tamquam
858 1930 1035 2012 parentem
1048 1937 1156 1986 vene-

299 2046 413 2104 rantur
430 2046 466 2102 et
488 2044 651 2127 quantum
681 2047 824 2127 possunt
850 2029 1008 2103 dulcibus
1034 2029 1155 2101 fovent

299 2144 1153 2243 amplexibus.Etmeritoquidem.Cogitantenim,

299 2276 427 2358 quanta
444 2259 487 2333 sit
507 2260 557 2333 vis
573 2260 796 2357 eloquentiae,
814 2285 859 2334 ex
878 2284 947 2358 que
963 2259 1154 2357 saepissime

257 2398 282 2449 15
299 2375 610 2450 crudelissimorum
642 2376 789 2449 hostium
819 2376 921 2449 animi
951 2393 987 2450 et
1017 2376 1155 2473 sangui·

300 2516 378 2565 nem
388 2492 600 2591 cupientium
614 2492 791 2567 effundere
805 2492 899 2566 leniti
913 2508 1000 2566 sunt.
1013 2491 1155 2589 Legitur

299 2608 401 2697 enim,
420 2607 608 2706 quodcum
623 2607 860 2706 aquibusdam
879 2607 1072 2681 saevissimis
1088 2604 1154 2680 du·

300 2721 398 2796 cibus
412 2723 535 2796 milites
552 2722 596 2796 ad
625 2725 783 2797 Marcum
801 2722 987 2797 Antonium
1009 2724 1151 2796 obtrun-

300 2837 448 2912 candum
475 2838 567 2913 missi
584 2838 783 2929 existerent,
802 2838 877 2936 ipse
902 2862 1001 2911 orare
1028 2838 1152 2936 coepit,

256 2977 287 3011 2⁰
300 2955 397 3028 cuius
414 2955 570 3029 oratione
588 2954 712 3028 milites
729 2954 913 3052 stupefacti
927 2953 1065 3027 strictos
1083 2954 1150 3027 iam

300 3086 336 3142 et
353 3070 503 3144 vibratos
523 3068 657 3168 gladios
685 3096 753 3143 non
778 3070 896 3167 aliquo
922 3094 1001 3143 cum
1028 3094 1152 3143 cruore

347 3324 381 3388 (2)
403 3325 487 3387 cuius]
511 3338 569 3374 cum
595 3325 658 3374 GM.
701 3324 736 3388 (6)
764 3325 885 3374 robustus
910 3325 943 3374 G.
986 3326 1020 3389 (7)
1042 3325 1152 3374 animum

300 3404 409 3455 eduM.
443 3403 477 3469 (9)
489 3405 665 3467 heclecGM.
699 3403 824 3467 (roldicte
833 3405 871 3454 Μ.
895 3404 1150 3468 (r4leloquentleM.

313 3485 351 3548 ις)
367 3485 476 3533 animum
502 3485 566 3534 GM.
600 3483 743 3548 (17)un
766 3498 825 3534 cum
846 3498 892 3533 unu
920 3486 953 3537 G.
987 3484 1037 3549 (ιῦ)
1055 3485 1153 3533 Antho-

302 3565 369 3612 nium
381 3565 414 3613 G.
448 3565 496 3628 (¹9·
509 3563 548 3627 ιο)
565 3565 634 3627 cepit
649 3575 706 3613 cunr
717 3565 835 3615 oratione
846 3565 911 3614 GM.
