2820 4680
656 585 711 644 ³99

256 738 347 835 pinae
377 736 504 813 Galliae
527 737 669 835 gloriam
701 737 926 811 immortalem
952 739 1106 811 attulere.

259 852 477 950 Haecitaque
494 869 561 927 tam
572 854 664 927 clara
673 851 809 942 semina,
819 850 955 943 divitiis,
965 850 1109 926 scientia

255 985 292 1042 et
308 968 485 1045 virtutibus
514 993 557 1043 ac
586 967 702 1042 liberis
732 984 799 1041 tam
830 966 1011 1056 fortunata,
1040 993 1107 1042 non

256 1101 416 1183 tanquam
445 1085 591 1184 Nyobes
619 1083 832 1183 Amphyonis
861 1084 1107 1158 Thebanorum

256 1200 346 1299 regis
363 1199 431 1274 filia
444 1201 589 1275 lortunae
606 1201 678 1273 lusa
692 1198 854 1297 insipiens
872 1199 1013 1288 fecerat,
1028 1225 1108 1296 quae
1140 1227 1151 1282 ς

255 1314 488 1413 superbiendo
503 1341 570 1390 non
583 1314 708 1415 gratias
726 1331 856 1412 egerat,
869 1340 950 1412 quae
967 1314 1106 1413 quidem

255 1457 299 1505 ex
327 1431 560 1506 innumerabili
587 1431 685 1530 prole
697 1430 831 1505 divinos
843 1430 907 1506 sibi
925 1430 1109 1529 quaesierat

255 1548 417 1637 honores,
448 1572 511 1646 pro
542 1573 613 1645 quo
643 1572 768 1621 nomen
802 1571 897 1621 suum
934 1546 966 1620 in
997 1545 1109 1620 multis

255 1663 381 1737 seculis
405 1663 470 1738 sibi
497 1664 627 1738 fecerat
652 1688 807 1754 exosum,
832 1661 896 1737 sed
923 1661 997 1761 ipsa
1016 1664 1109 1736 clara

256 1779 436 1853 Genebria
462 1777 507 1852 de
533 1778 691 1853 omnibus
724 1778 788 1852 sibi
822 1776 1000 1852 concessis
1029 1801 1107 1851 cum
1124 1806 1155 1847 ιο

254 1893 380 1991 gratias
394 1894 601 1969 immortales
613 1893 684 1968 deo
701 1894 839 1991 egisset,
857 1892 902 1968 ad
919 1910 1108 1967 extremum

256 2006 371 2085 adhuc
406 2010 438 2084 in
474 2010 609 2085 iuvenili
635 2009 821 2086 admodum
847 2027 951 2085 aetate
969 2008 1108 2085 modum

257 2128 336 2201 vitae
361 2152 433 2202 suae
459 2127 583 2226 posuit.
612 2127 722 2202 Cuius
748 2144 891 2202 mortem
918 2127 1109 2202 innumera-

257 2242 344 2316 biles
358 2268 468 2341 prope
485 2243 603 2342 populi
621 2269 691 2318 non
707 2268 809 2318 secus
825 2268 869 2318 ac
885 2242 913 2318 si
930 2261 1107 2342 parentem

257 2358 564 2434 collachrimarunt.
602 2361 769 2457 Elataque
798 2358 1151 2457 fuitmagnificen-15

256 2469 388 2547 tissimo
422 2472 541 2548 funere
570 2500 634 2573 pro
663 2473 829 2574 dignitate
858 2492 895 2549 et
923 2475 1110 2573 splendore

256 2611 405 2678 suorum,
432 2605 469 2663 ut
494 2591 587 2665 clara
611 2589 731 2665 mulier
756 2589 878 2665 merito
900 2589 1106 2690 requirebat.

305 2806 340 2871 (a)
356 2822 429 2858 snum
446 2810 474 2858 a
