2820 4680
836 546 874 604 42

437 699 655 797 presentium
697 715 733 771 et
776 698 960 773 suturarum
998 696 1149 772 omnium
1183 697 1287 772 dotes

437 813 727 913 prestantissimoe
757 813 1102 912 singularissimaeque
1133 812 1287 911 fulgent?

438 930 559 1004 Multis
584 929 754 1026 variisque
780 929 882 1003 rebus
913 930 1062 1003 humano
1092 945 1286 1026 temporum

436 1063 628 1122 nostrorum
653 1044 771 1143 generi
790 1101 910 1117 .....
931 1043 1040 1142 quue
1065 1043 1287 1118 consentiens

394 1201 404 1252 ς
436 1160 588 1235 omnium
603 1161 703 1251 sama,
717 1160 841 1258 quibus
854 1159 968 1257 aliqua
981 1184 1145 1235 excausa
1162 1217 1284 1234 .....

435 1302 513 1353 esse
539 1277 692 1376 potuisse
719 1292 870 1350 testatur.
909 1276 946 1349 Ο
987 1275 1176 1351 feliciorem
1207 1275 1287 1352 vitre

435 1393 697 1469 institutionem!
734 1394 790 1466 Te
814 1391 986 1466 sanctitati
1020 1391 1188 1467 devovisti
1213 1409 1288 1467 tote

435 1526 562 1608 quanta
587 1534 635 1584 es.
665 1507 724 1581 Nil
750 1507 812 1582 nisi
839 1506 960 1605 religio
986 1523 1039 1581 est
1056 1532 1136 1604 quae
1156 1507 1287 1582 stabilis

434 1641 505 1713 est;
525 1648 594 1697 non
612 1622 777 1722 perditur,
796 1647 865 1696 non
882 1621 1078 1696 dimovetur
1093 1625 1187 1713 loeo,
1205 1648 1286 1721 quae

393 1778 422 1815 ιο
435 1756 469 1813 te
496 1739 583 1813 inter
609 1738 772 1813 maximas
798 1737 900 1827 urbis,
926 1737 1020 1812 orbis
1037 1753 1073 1812 et
1091 1754 1285 1837 temporum

434 1855 712 1930 fluctuosissimus
730 1870 964 1952 tempestates,
975 1853 1178 1929 miserrimas
1195 1856 1286 1929 cale·

436 1971 570 2044 mitates
612 1971 645 2043 in
687 1968 898 2066 quietissima
941 1969 1062 2043 mentis
1109 1968 1286 2067 provincia

437 2085 680 2160 iocundissime
707 2085 847 2159 detinet.
877 2085 1053 2186 Quoniam
1072 2086 1188 2159 omnia
1204 2110 1285 2184 pro-

434 2226 546 2300 spera,
557 2201 689 2291 ociosa,
697 2199 1287 2299 gratadiligentibusdominum,ed·

394 2351 419 2402 ις
435 2341 533 2392 verse
557 2335 593 2390 et
610 2317 742 2407 misera,
760 2318 888 2392 acerba
904 2316 1153 2415 spernentibus.
1170 2318 1287 2391 Malo-

435 2459 508 2507 rum
526 2433 615 2506 enim
638 2433 781 2506 consilia
794 2432 877 2507 licet
890 2431 1058 2506 interdum
1072 2431 1288 2530 speciosiora

434 2549 623 2640 videantur,
634 2551 803 2623 bonorum
820 2573 959 2647 semper
977 2573 1037 2622 usu
1057 2548 1199 2622 meliora
1216 2573 1286 2623 non

435 2683 612 2765 poetarum
631 2664 847 2755 carminibus,
865 2664 928 2739 sed
946 2663 1287 2764 prudentissimorum

435 2781 574 2856 iudicio.
606 2781 702 2855 Hinc
721 2797 778 2854 tua
800 2780 854 2854 itta
871 2780 1071 2854 admiranda
1083 2797 1119 2853 et
1137 2778 1286 2853 incredi-

391 2896 511 2971 20bilis
536 2896 737 2985 humanitas,
763 2920 831 2993 qua
856 2895 1014 2970 omnibus
1040 2894 1147 2985 cedis,
1166 2918 1288 2993 quam-

435 3036 538 3110 quam
568 3035 689 3086 omnes
718 3010 840 3085 virtute
870 3012 1066 3085 antecellas.
1086 3012 1210 3085 Taceo
1239 3009 1288 3086 de

435 3126 638 3226 virginitate,
680 3125 726 3201 de
760 3127 857 3200 cuius
890 3125 1046 3201 laudibus
1080 3126 1173 3224 pleni
1207 3143 1288 3201 sunt

435 3243 725 3318 sanctissimorum
742 3242 889 3317 virorum
915 3242 1077 3332 codices;
1105 3241 1185 3315 nihil
1202 3241 1288 3317 dieo

483 3427 518 3493 (8)
534 3429 584 3490 est]
604 3441 633 3478 es
649 3429 679 3479 C
714 3428 764 3494 (η)
783 3428 964 3479 inmundissime
983 3427 1014 3478 C.
1048 3428 1098 3493 (14)
1117 3427 1237 3478 dominun
1253 3428 1286 3480 C.

435 3507 486 3573 (re)
503 3507 601 3557 iuditio.
618 3509 669 3558 Hic
685 3507 716 3558 G
744 3509 794 3573 (τι)
810 3516 880 3558 tecto
895 3507 926 3558 G
