2820 4680
705 578 760 658 ¹9⁰

298 749 383 823 inire
408 766 595 836 certarnen,
622 749 715 847 quia,
743 767 778 822 ut
804 749 925 848 inquis,
945 775 1022 826 mea
1040 769 1151 826 castra

299 865 384 940 meis
411 865 530 939 iaculis
555 890 747 963 oppugnas.
777 869 826 940 lta
851 890 894 939 ea
919 892 999 964 quae
1024 866 1069 940 ad
1095 893 1150 941 me

299 980 424 1056 dedisti
454 980 615 1079 perfecto
640 998 676 1054 et
701 982 818 1054 solerti
844 981 959 1056 studio
980 982 1152 1080 disputata

298 1114 387 1187 sunt,
415 1114 450 1170 ut
467 1098 518 1170 eis
535 1097 628 1171 obici
648 1122 717 1170 non
735 1121 756 1171 a
773 1122 840 1186 me,
858 1097 921 1170 sed
939 1122 959 1172 a
976 1098 1151 1195 quibusvis

271 1244 281 1295 t
297 1213 504 1288 doctissimis
521 1213 600 1286 viris
616 1211 851 1286 difficillimum
865 1212 917 1285 sit.
933 1215 1149 1287 Verumcum

297 1331 367 1404 hoc
375 1346 552 1404 certamen
571 1328 653 1402 utile
668 1328 747 1401 mihi
762 1353 839 1402 esse
853 1353 1078 1427 cognoscam,
1088 1328 1151 1403 de·

296 1444 391 1518 crevi
405 1445 484 1518 huic
503 1460 571 1518 tuae
590 1445 748 1518 honestae
765 1444 930 1518 voluntati
945 1469 1075 1518 morem
1088 1468 1151 1542 ge·

297 1584 392 1648 rere3
419 1561 502 1634 licet
527 1576 642 1633 autem
669 1560 840 1633 incassum
863 1577 999 1635 certare
1016 1584 1150 1658 cogno-

296 1699 403 1766 scam,
426 1692 541 1750 tamen
560 1675 640 1748 mihi
666 1699 800 1749 summa
815 1678 888 1749 laus
904 1677 969 1750 erit
985 1701 1006 1751 a
1024 1692 1059 1749 te
1076 1676 1150 1750 viro

255 1821 285 1857 ιο
298 1791 483 1866 fortissimo
500 1791 664 1889 superari.

347 1909 417 1981 Eva
463 1907 623 2005 ignorans
669 1907 936 2004 inconstansque
977 1907 1148 2004 peccavit,

297 2046 341 2096 ex
367 2047 439 2121 quo
461 2023 521 2097 tibi
537 2023 672 2121 gravius
699 2046 868 2120 peccasse
893 2022 1037 2110 videtur,
1067 2023 1148 2120 quia

297 2138 487 2235 ignorantia
515 2162 635 2211 eorum
665 2139 861 2235 quiescite
890 2137 1058 2212 debemus
1084 2162 1148 2211 nos

297 2277 366 2326 non
397 2269 550 2343 excusat,
580 2253 661 2350 quia
690 2254 853 2350 scriptum
883 2270 961 2326 est:
994 2256 1150 2351 lgrwrans

255 2396 280 2447 ις
296 2366 497 2466 ignorabitur.
529 2367 717 2457 Concedo,
743 2394 848 2466 quum
880 2370 957 2442 haec
991 2368 1149 2466 ignoran-

296 2482 342 2558 tia
375 2507 491 2558 crassa
525 2484 625 2557 suerit
658 2487 712 2558 vel
746 2485 917 2573 affectata,
951 2484 1013 2557 sed
1052 2484 1149 2581 igno-

296 2599 404 2673 rantia
438 2601 519 2674 Evae
545 2624 565 2674 a
591 2617 710 2675 natura
732 2599 793 2673 suit
823 2600 931 2689 insita,
962 2600 1059 2675 cuius
1089 2623 1148 2672 na·

296 2732 381 2790 turae
399 2716 473 2814 ipse
490 2715 576 2790 deus
593 2734 646 2790 est
663 2733 785 2792 auctor
801 2734 837 2790 et
855 2716 1025 2790 conditor.
1056 2717 1146 2789 Nam

296 2831 329 2904 in
348 2833 500 2929 pluribus
517 2835 587 2906 hoc
600 2832 744 2922 videtur,
758 2833 841 2931 quia
852 2834 910 2931 qui
925 2835 1000 2931 plus
1014 2833 1147 2930 ignorat

343 3079 377 3143 (a)
394 3079 554 3142 protectae
588 3079 713 3143 (4)sutC.
748 3079 825 3130 obiici
838 3079 868 3139 C,
886 3079 994 3130 obicere
1003 3081 1030 3127 L.
1063 3085 1103 3127 sat
1117 3078 1144 3126 V.

294 3157 447 3219 quibusdam
473 3159 503 3208 C.
537 3158 571 3222 (ς)
596 3159 758 3208 doctissimus
782 3159 844 3208 iuris
871 3159 898 3206 V.
928 3157 1089 3208 difficilimum
1114 3157 1144 3206 C.

295 3235 329 3299 (⁶)
345 3236 420 3286 Verba
436 3250 604 3301 cognoscam.
616 3273 622 3286 .
633 3237 704 3299 quod
720 3239 806 3300 aliqua
822 3239 857 3301 (ρ.
877 3250 931 3297 207.
949 3238 974 3298 ⁴)
986 3237 1011 3286 in
1027 3237 1145 3287 Vlawaa

293 3315 381 3366 tama
396 3318 459 3366 sant.
493 3316 528 3380 (7)
545 3325 589 3366 tue
607 3318 665 3367 huie
680 3319 709 3366 1„
743 3316 777 3380 (Β)
793 3325 879 3368 autem
895 3331 940 3366 om.
959 3320 987 3366 L.
1028 3317 1062 3380 (9)
1087 3317 1146 3365 mihi

294 3395 425 3445 unane
460 3395 614 3459 (15)hic(2
649 3396 699 3459 (ro)
716 3398 765 3460 ign.
784 3397 983 3446 tueritmiasaL.
1018 3398 1146 3460 (17)Evae

295 3474 329 3525 da
341 3488 393 3537 qua
403 3476 531 3537 loquimur
541 3476 587 3526 suit
597 3491 613 3526 a
624 3486 712 3526 natura
722 3479 751 3526 1..
786 3478 836 3542 (ιθ)
852 3476 983 3528 condictio
1000 3478 1030 3537 C,
1048 3478 1146 3528 condu-

295 3562 353 3603 ctor
369 3556 397 3615 ι,
415 3555 502 3604 corrui
515 3555 653 3605 axeditone
669 3555 730 3605 anni
747 3560 804 3619 ¹5⁶3
822 3556 864 3619 (Ε)
896 3556 946 3622 (19)
963 3557 1021 3619 quis
1038 3560 1096 3618 ptus
1113 3558 1143 3607 C.
