2820 4680
869 563 909 621 40

463 733 588 806 mater;
608 716 697 791 flexa
717 741 855 814 semper
874 717 1000 807 animo,
1020 733 1146 806 mente,
1164 740 1315 814 corpore

463 833 549 907 illius
567 834 776 906 voluntatem
792 889 799 905 .
816 891 823 904 .
841 890 872 905 ..
896 833 1062 931 sequeris,
1077 850 1216 906 ceteros
1234 856 1314 930 pro

463 948 574 1022 ximos
591 965 669 1022 tuos
695 964 788 1022 tanta
814 947 978 1022 facilitate
1004 946 1260 1045 complecteris,
1280 963 1316 1020 ut

464 1063 648 1137 felicissimi
663 1063 729 1136 sint
743 1063 799 1161 qui
814 1061 906 1161 apud
922 1080 956 1135 te
970 1062 1095 1136 diutius
1109 1061 1313 1136 commorari

437 1210 447 1262 ς
464 1195 615 1276 possunt.
628 1178 847 1277 Cupiditates
856 1203 977 1252 omnes
987 1178 1018 1250 in
1029 1178 1159 1252 semine
1174 1177 1316 1276 depres-

462 1293 544 1383 sisti,
579 1292 712 1367 divitias
747 1293 1032 1391 locupletissimas
1065 1293 1314 1391 contempsisti,

463 1433 543 1505 quae
569 1434 589 1482 a
614 1407 872 1507 sapientissimis
895 1407 972 1482 viris
990 1408 1092 1481 etiam
1111 1410 1315 1506 plerumque

464 1523 568 1621 pluris
591 1547 692 1621 quam
707 1547 770 1621 par
783 1539 857 1596 erat
870 1522 997 1596 habitae
1012 1522 1157 1611 luerunt,
1177 1523 1314 1620 Ligurgi

463 1638 730 1712 institutionibus
739 1637 879 1727 edocta,
892 1638 949 1735 qui
967 1637 1049 1727 auri,
1068 1637 1200 1735 argenti
1220 1663 1314 1711 usum

421 1789 451 1825 ιο
463 1753 640 1851 Spartanis
675 1753 808 1850 legibus
842 1752 1028 1850 prohibuit,
1064 1752 1212 1826 credens
1247 1754 1315 1826 hoc

463 1867 583 1942 edicto
609 1883 814 1941 cunctorum
841 1867 1021 1941 criminum
1048 1866 1183 1942 radices
1212 1867 1315 1940 extir-

463 2007 574 2082 passe.
609 1985 691 2056 Non
724 1982 966 2072 necessariam,
997 1981 1060 2056 sed
1090 1982 1314 2057 voluntariam

464 2114 702 2195 paupertatem
727 2097 872 2195 elegisti,
892 2115 1018 2195 praeter
1035 2097 1175 2187 victum,
1194 2123 1316 2196 urgen-

465 2213 610 2287 tissimas
625 2213 848 2287 necessitates
863 2213 943 2287 nihil
957 2213 1100 2288 omnino
1117 2238 1161 2287 ex
1178 2214 1316 2311 amplis·

423 2365 449 2416 ις
465 2329 553 2402 simo
579 2345 639 2402 tuo
665 2328 872 2427 patrimonio
894 2331 1023 2403 habere
1053 2328 1197 2402 voluisti.
1217 2331 1317 2403 Con·

466 2443 578 2541 spicio
591 2460 725 2517 tuorum
739 2460 873 2517 auratas
891 2461 1015 2535 vestes,
1026 2444 1169 2519 armaria
1179 2444 1316 2536 referta,

467 2558 758 2657 frequentissimas
793 2560 1017 2649 mutationes;
1053 2559 1144 2633 idem
1178 2584 1318 2658 semper

467 2674 601 2748 habitus
615 2697 682 2747 nec
695 2673 864 2765 sordidus,
883 2699 949 2749 nec
967 2692 1150 2773 apparatus
1167 2693 1203 2749 te
1219 2699 1318 2750 crea·

466 2788 531 2862 tori
550 2788 792 2888 proximiorem
815 2788 937 2863 reddit
966 2790 1168 2864 Christianis
1185 2790 1319 2888 cogita·

424 2903 616 2977 notionibus
640 2902 759 2978 dedita
784 2921 820 2978 et
847 2906 986 3002 publica
1006 2923 1043 2978 et
1059 2905 1321 3003 privataolficia

468 3034 584 3092 nostra
633 3021 836 3094 contemnis.
898 3021 1113 3094 Renuntiasti
1148 3023 1319 3120 ·volupta·

469 3148 538 3206 tem
555 3134 777 3233 avertistique
802 3135 948 3226 delitias,
979 3135 1149 3210 doctrinae
1179 3153 1216 3210 et
1240 3162 1321 3212 ora-

469 3248 552 3321 tioni
578 3249 716 3324 assidue
744 3274 858 3341 vacas,
884 3251 967 3325 nihil
989 3268 1118 3348 praeter.
1140 3251 1320 3328 Christum

513 3432 548 3498 (6)
571 3437 755 3498 comptemsisti
773 3436 803 3486 G
837 3438 887 3501 (ιο)
912 3437 1049 3499 apamensis
1076 3437 1106 3487 C
1151 3436 1202 3500 (14)
1230 3440 1323 3490 nihilo·

469 3513 537 3562 mino
555 3513 585 3563 G
619 3512 669 3579 (19)
686 3515 752 3565 redlt
770 3515 800 3565 C
834 3515 884 3579 (ιι)
900 3517 1059 3578 auaristique
1077 3516 1107 3566 C
