2820 4680
784 623 843 690 2⁵4

386 779 653 877 confugiendum
684 796 738 853 est
766 778 810 853 ad
841 778 1041 877 ignorantiae
1066 780 1237 864 tenebras,

388 895 481 970 utin
506 896 557 969 eis
583 895 762 993 quisquam
788 895 1048 969 excusationem
1076 893 1235 991 requirat

385 1010 486 1084 Aliud
512 1027 565 1085 est
585 1010 675 1084 enirn
694 1011 840 1098 nescire,
858 1008 950 1083 aliud
967 1009 1056 1083 scire
1075 1007 1236 1096 noluisse,

385 1125 413 1199 si
439 1125 578 1222 quidem
605 1125 637 1198 in
664 1126 716 1199 bis
740 1125 799 1223 qui
825 1125 1015 1222 intelligere
1045 1125 1237 1213 noluerunt,

360 1272 369 1323 ς
386 1240 460 1339 ipsa
476 1240 666 1338 ignorantia
683 1257 866 1337 peccatum
884 1255 936 1313 est
949 1241 998 1313 ob
1012 1241 1134 1314 malam
1148 1264 1237 1336 prae

385 1355 569 1433 cedentem
595 1358 824 1444 voluntatem
846 1355 897 1429 sic
915 1355 1035 1428 mulier
1052 1354 1134 1428 ideo
1150 1354 1237 1429 dici-

386 1489 440 1546 tut
464 1472 651 1571 ignorasse,
677 1496 723 1545 eo
749 1470 845 1567 quod
871 1471 963 1568 prius
988 1471 1171 1568 appetierit
1201 1472 1236 1546 id

385 1587 481 1686 quod
506 1588 569 1662 sibi
595 1586 784 1662 secundum
814 1603 944 1660 rectam
975 1586 1141 1662 rationem
1167 1611 1238 1684 qua

383 1702 559 1802 gaudebat
592 1727 660 1776 non
690 1719 765 1777 erat
792 1702 1037 1800 appetendum.
1072 1702 1237 1778 Audierat

343 1850 373 1887 ιο
384 1818 486 1892 etiam
514 1819 587 1917 ipsa
612 1818 740 1893 domini
768 1835 982 1916 praeceptunr
1010 1841 1076 1892 nec
1099 1819 1165 1892 ulla
1182 1844 1235 1893 ra·

384 1932 478 2008 tione
496 1951 632 2032 poterat
645 1935 801 2008 excusari
814 1950 873 2008 aut
892 1934 996 2031 ipsius
1014 1934 1233 2009 commissum

384 2048 516 2124 facinus
545 2049 826 2148 tergiversatione
856 2049 971 2137 celari,
1002 2049 1185 2146 quominus
1215 2075 1236 2124 a

383 2164 525 2261 domino
553 2165 698 2262 graviori
722 2168 932 2263 plecteretur
964 2189 1081 2263 poena.
1115 2167 1233 2255 Immo,

382 2280 410 2355 si
427 2305 543 2354 verum
562 2280 659 2355 fateri
677 2281 768 2370 licet,
787 2299 952 2356 extremae
969 2281 1155 2356 dementire
1173 2282 1235 2355 suit

341 2428 366 2480 ις
382 2421 451 2470 non
477 2397 662 2470 observare
687 2421 767 2494 quae
793 2413 1009 2496 praeceperat
1029 2396 1115 2471 deus
1144 2398 1235 2494 opti·

383 2535 467 2585 mus.
496 2512 538 2584 Et
563 2535 607 2584 ne
632 2510 688 2586 illa
712 2511 872 2602 dividam,
890 2537 970 2610 quae
988 2529 1022 2585 tu
1041 2512 1234 2609 prudentis·

382 2626 467 2701 sitne
492 2627 710 2717 coniunxisb,
729 2628 958 2702 inconstantia
976 2629 1057 2702 Evae
1074 2627 1234 2703 damnata

383 2742 489 2841 magis
505 2766 550 2816 ex
567 2742 740 2817 accidenti
759 2768 860 2841 quarn
879 2768 922 2817 ex
941 2744 1136 2818 necessaria
1148 2768 1233 2841 qua·

382 2859 476 2934 litate
501 2859 573 2949 suit,
591 2860 673 2957 quia
693 2860 725 2933 in
753 2859 805 2933 bis
830 2883 951 2957 qutea
977 2878 1097 2934 natura
1120 2860 1232 2934 insunt

338 2999 448 3048 2onec
474 2973 649 3048 laudantur
674 2999 740 3049 nec
766 2975 995 3072 vituperamur
1024 2975 1232 3074 sapientissi-

381 3114 512 3163 morunt
540 3089 851 3188 philosophantium
879 3091 1016 3165 iudicio.
1039 3094 1085 3165 At
1101 3091 1233 3189 optima

380 3205 482 3279 etiarn
497 3205 645 3280 mulieris
659 3206 721 3280 suit
734 3224 852 3281 natura
865 3225 901 3281 et
914 3207 1035 3281 rationi
1049 3207 1228 3282 obediens.

380 3322 429 3396 Ut
447 3320 527 3396 seris
544 3321 678 3413 dentes,
696 3324 857 3398 armentis
875 3348 1016 3413 cornua,
1035 3324 1230 3400 volucribus

427 3581 477 3646 (ιγ)
494 3583 677 3634 inonstantia.
