2820 4680
700 597 755 662 ¹²4

296 755 351 829 vix
369 757 570 853 prospicere
588 756 769 832 audebam.
797 761 897 832 Pono
922 775 1001 831 ante
1028 757 1149 830 oculos

297 871 446 969 picturas
465 872 548 962 illas,
563 896 643 969 quae
656 891 796 948 sanctos
809 873 970 962 referunt,
989 875 1065 946 vela
1077 890 1150 946 arte

296 987 566 1062 elaboratissima
575 988 748 1079 crucibus,
759 988 1150 1086 beatorumimaginibus

298 1101 465 1202 insignita,
489 1103 613 1200 quibus
638 1129 730 1202 aqua
755 1122 789 1178 te
814 1121 935 1179 sancta
960 1103 1150 1191 benedicis,

263 1220 279 1301 ’ς
296 1234 332 1291 et
358 1236 476 1293 cetera
498 1220 613 1294 omnia
631 1220 753 1294 nostris
776 1223 879 1318 longe
896 1219 1150 1318 anteponenda,

297 1358 378 1431 quae
397 1334 476 1408 mihi
504 1334 650 1432 paradisi
677 1335 951 1432 degustationem
980 1335 1150 1435 quandam

295 1450 449 1524 attulisse
475 1450 547 1524 visa
564 1467 650 1524 sunt.
682 1451 830 1525 Plurima
856 1469 969 1525 tamen
996 1451 1152 1549 digniora

296 1589 360 1638 nos
378 1567 485 1639 latere
502 1565 649 1655 voluisti,
668 1582 704 1639 et
717 1567 800 1640 licet
814 1567 1017 1665 magnanimi
1032 1567 1152 1640 fratres

298 1681 345 1754 tui
362 1681 458 1755 omni
477 1707 533 1755 me
552 1684 632 1756 luxu
650 1698 685 1756 et
703 1699 868 1780 apparatu
891 1683 987 1780 regio
1006 1684 1153 1757 honora-

256 1797 418 1887 maerim,
438 1813 472 1870 tu
498 1800 572 1871 sola
598 1814 718 1894 rogata
743 1798 1043 1872 vehementissime
1069 1823 1153 1870 nun-

298 1938 399 2012 quam
418 1914 552 1989 exorari
580 1939 681 2012 passa
697 1939 746 2004 es,
765 1915 940 1989 orationes
965 1932 1002 1988 et
1026 1914 1153 1988 litteras

250 2032 253 2037 ’
298 2044 373 2104 tuas
391 2055 458 2104 non
477 2029 638 2127 aperuisti
657 2030 768 2117 nobis,
783 2030 844 2104 nisi
863 2056 922 2106 eas
940 2057 1020 2128 quae
1037 2032 1153 2128 vulga·

298 2144 437 2219 tissimae
462 2162 549 2236 sunt,
564 2146 664 2220 sicuti
691 2146 749 2245 qui
773 2147 805 2218 in
831 2146 1102 2244 locupletissima
1118 2163 1154 2219 et

298 2259 517 2334 refertissima
530 2259 639 2335 domo
657 2261 828 2358 hospitem
843 2265 897 2336 vel
912 2261 1085 2359 indignum
1100 2263 1154 2335 vel

257 2405 282 2457 ις
299 2401 367 2450 non
385 2392 517 2475 gratum
540 2376 734 2466 admittunt,
754 2404 821 2452 non
849 2378 1022 2476 explicata
1046 2392 1153 2465 veste,

299 2515 367 2567 non
386 2492 569 2590 proposito
586 2509 730 2591 argento
749 2517 863 2591 neque
886 2493 1009 2568 tabulis
1034 2509 1070 2566 et
1087 2491 1154 2589 sig·

298 2605 350 2680 nis
367 2609 545 2705 propalam
566 2608 759 2698 collocatis,
786 2607 849 2682 sed
876 2608 1034 2683 omnibus
1052 2607 1154 2682 rebus

299 2723 488 2821 magnificis
501 2724 702 2814 reconditis,
721 2724 900 2815 vilissimis,
914 2721 1154 2798 abiectissimis

299 2855 334 2913 et
352 2839 403 2914 his
421 2864 501 2937 quae
519 2840 551 2913 in
578 2839 758 2915 cotidiano
785 2866 846 2914 usu
872 2859 949 2914 sunt
974 2837 1152 2938 appositis.

256 2985 287 3020 20
301 2957 400 3056 Quas
421 2957 469 3030 ob
495 2980 550 3030 res
576 2982 709 3047 vereor,
737 2981 780 3029 ne
806 2956 906 3030 sicuti
933 2973 990 3030 tua
1015 2954 1155 3029 illustria

299 3071 1153 3149 continuistisanctissimisinstitutionibusmaxime

301 3186 439 3279 intenta,
458 3189 508 3263 sic
527 3192 604 3264 haec
622 3187 901 3286 nostravulgaria
912 3190 967 3261 vel
981 3187 1154 3262 renunties

300 3305 354 3378 uel
372 3303 433 3378 tibi
446 3304 548 3379 missa
560 3328 637 3379 esse
651 3305 777 3403 pigeat
804 3306 1060 3396 Verumtamen,
1074 3304 1155 3401 quia

348 3485 382 3549 (3)
399 3486 582 3536 lubentissime
599 3486 629 3536 G
671 3486 946 3550 (10)uhementiaaime
972 3486 1002 3537 C.
1045 3487 1094 3552 (ιι.
1115 3488 1154 3552 ¹3)

301 3566 469 3628 vulgatissima
486 3566 515 3617 G
551 3566 600 3633 (ιφ)
617 3565 799 3618 cotiduanoc
912 3641 915 3647 Ι
