2820 4680
651 635 705 691 45¹

255 786 440 886 diligentia,
459 813 568 886 opera
584 805 689 886 atque
703 787 865 862 industria
883 788 969 878 lore,
984 804 1020 861 ut
1033 814 1107 861 mo

256 903 436 978 nasterium
448 903 529 977 illud
547 920 716 978 vetustate
735 902 837 977 nimia
850 920 1053 1001 prostratum
1072 918 1108 976 et

256 1044 366 1117 prope
396 1018 541 1093 dirutum
570 1018 663 1092 brevi
690 1018 939 1092 instauraretur.
969 1017 1107 1092 Omitto

255 1150 359 1234 atque
377 1152 560 1232 praetereo,
579 1132 675 1232 quod
690 1135 728 1206 F.
749 1132 919 1207 familiaris
936 1150 1012 1207 tuus
1030 1133 1107 1208 rati-

254 1274 324 1325 one
342 1249 555 1348 magistratus
572 1247 780 1347 amplissimi,
806 1274 910 1348 quem
938 1274 1046 1347 nuper
1063 1275 1106 1323 ex
1139 1276 1149 1325 r

255 1367 288 1440 S.
308 1364 353 1439 C.
373 1364 455 1455 iniit,
475 1382 511 1438 ut
527 1365 589 1439 abs
606 1380 641 1438 te
658 1364 793 1463 accepi,
813 1363 965 1438 fortassis
978 1381 1013 1438 te
1027 1388 1107 1438 auc-

255 1497 331 1556 tore
348 1498 385 1555 et
402 1479 504 1566 duce,
523 1481 701 1578 plurimum
729 1480 829 1554 nobis
854 1478 898 1554 ad
920 1495 1001 1553 vota
1025 1504 1108 1553 exe-

255 1594 604 1695 quendaconducere
622 1612 750 1693 posset.
766 1596 894 1695 Neque
904 1593 995 1668 enim
1004 1593 1106 1668 etiam

256 1710 289 1784 in
308 1736 432 1810 magno
450 1736 615 1809 ponerem
634 1709 841 1800 discrimine,
859 1709 887 1783 si
906 1709 995 1783 sorte
1007 1709 1106 1784 aliam

257 1827 500 1903 institutionem
533 1853 588 1901 me
625 1826 740 1901 subire
769 1842 961 1924 oporteret,
993 1849 1108 1925 neque
1126 1855 1155 1890 10

256 1944 351 2045 quod
379 1944 413 2017 id
438 1943 640 2017 coenobium
667 1960 760 2018 esset
781 1943 977 2031 obscurum,
1003 1967 1109 2039 angu-

255 2076 356 2147 stum,
367 2058 519 2157 ignobile
532 2082 574 2133 ac
589 2058 743 2134 fortassis
755 2084 872 2157 parum
888 2082 944 2131 me
957 2056 1108 2155 dignum,

256 2173 446 2248 dummodo
480 2197 618 2271 possem
645 2173 798 2264 efficere,
826 2191 862 2247 ut
886 2172 1019 2248 clarius·
1036 2173 1109 2271 ipse

256 2289 522 2388 expressiusque
552 2313 788 2388 cognosceres
822 2288 997 2364 mirificam
1027 2313 1111 2388 erga

256 2422 291 2480 te
308 2404 409 2479 animi
429 2405 496 2479 mei
515 2404 754 2503 integritatem,
775 2404 877 2479 fidem
900 2422 1006 2503 atque
1024 2428 1109 2478 con·
1127 2436 1152 2481 rr

255 2520 422 2597 stantiam.
442 2518 592 2595 Accedit
602 2520 699 2619 quod
709 2518 799 2595 haud
813 2519 955 2594 difficile
964 2518 1110 2594 essetad

256 2661 328 2712 rem
347 2637 442 2711 istam
457 2636 601 2711 amicam
622 2660 731 2710 meam
748 2637 785 2708 L.
802 2634 990 2734 impellere,
1005 2660 1048 2736 ea
1061 2651 1112 2709 ta-

256 2777 334 2827 men
354 2753 443 2850 lege,
455 2751 501 2825 uti
517 2751 590 2850 ipsa
603 2768 763 2850 tanquam
775 2750 895 2824 mulier
903 2749 1060 2849 primaria
1068 2774 1111 2824 ac

255 2866 418 2966 grandior
438 2884 516 2942 natu
538 2865 642 2965 digne
665 2884 701 2940 ut
718 2865 926 2941 moderatrix
942 2865 1111 2964 guberna-

256 2982 391 3081 trixque
421 2982 561 3081 reliquis
589 2982 695 3056 sacris
724 2981 907 3079 virginibus
933 2997 1109 3080 praeesset.
1127 3015 1157 3050 ιο

257 3098 496 3200 Quamobrem
506 3113 541 3171 te
550 3095 882 3171 vehementeretiam
893 3113 998 3196 atque
1007 3095 1109 3170 etiam

257 3238 343 3311 rogo
360 3230 397 3286 et
423 3214 553 3302 hortor,
571 3213 598 3287 si
617 3212 666 3286 vis
684 3229 720 3287 ut
738 3212 811 3311 ipsa
836 3209 1022 3311 aliquando
1041 3237 1108 3285 non

257 3327 363 3406 modo
380 3328 694 3428 pollicitationibus,
711 3328 775 3403 sed
793 3352 830 3402 re
848 3327 922 3427 ipsa
934 3326 1108 3402 declarem

288 3593 337 3657 (18)
355 3603 382 3643 ut
400 3594 430 3645 C
