2820 4680
700 598 757 677 ²³8

302 772 435 843 sumus?
453 772 562 868 Quem
579 769 675 844 etiem
691 769 723 842 si
732 770 910 863 mansimus,
928 767 1154 870 iusrrfficiiloe-

303 884 467 959 dimun-
479 885 580 960 Dicis
593 903 764 985 praeterea
776 887 992 985 fragilitatem
1005 887 1154 962 mulieris

301 1025 456 1076 caussam
475 1001 579 1075 luisse
597 1000 929 1100 peccati,atquiego
946 1001 1155 1100 superbiam,

302 1116 465 1215 quoniam
492 1117 673 1215 promissio
699 1117 869 1192 daemonis
894 1118 956 1192 luit
984 1118 1153 1209 scientiae,

275 1260 285 1311 r
302 1259 381 1330 quae
399 1250 598 1332 arrogantes
615 1232 724 1307 efficit
740 1234 897 1308 homines
914 1252 951 1309 et
962 1235 1153 1309 secundum

301 1350 505 1447 Apostolum
523 1349 626 1424 inflat
652 1349 812 1448 Superbia
828 1349 934 1424 sacris
951 1350 1070 1424 litteris
1095 1375 1155 1424 ac·

301 1464 500 1539 cusantibus
532 1461 605 1564 suit
644 1463 764 1537 initium
797 1463 901 1538 omnis
930 1464 1067 1564 peccati.
1112 1468 1155 1539 Et

301 1579 383 1654 licet
407 1580 484 1654 alite
510 1580 608 1654 huius
634 1580 771 1678 peccati
797 1580 935 1678 species
952 1597 1154 1656 consecutae

301 1695 377 1783 sint,
405 1695 460 1770 illa
485 1711 600 1769 tamen
627 1695 857 1794 principalior,
884 1696 1047 1794 quoniam
1069 1721 1153 1770 caro

258 1811 471 1885 mobediens
499 1828 574 1885 erat
604 1810 731 1884 homini
762 1811 795 1883 in
825 1827 913 1885 statu
944 1811 1153 1886 innocentiae

299 1927 458 2001 existenti
488 1941 525 2000 et
550 1925 688 2001 minime
713 1925 834 2000 rationi
861 1926 1042 2001 contraria
1075 1928 1154 2001 Fuit

299 2067 385 2141 ergo
419 2042 547 2140 primus
581 2059 694 2117 motus
728 2041 938 2117 inordinatus
963 2044 1151 2141 appetendi

300 2158 335 2233 id
352 2159 449 2257 quod
468 2176 597 2233 naturae
614 2183 686 2233 suae
704 2184 773 2232 non
798 2160 1034 2257 competebat,
1048 2159 1151 2233 veluti

299 2274 505 2372 Augustinus
521 2274 566 2348 ad
585 2274 750 2348 Orosium
768 2275 921 2374 scripsit:
944 2278 1065 2348 Homo
1082 2276 1152 2349 ela-

258 2416 284 2468 ις
300 2407 353 2464 tus
370 2389 532 2487 superbia
548 2390 875 2487 suasioniserpentis
883 2390 1054 2465 obediens
1063 2415 1152 2489 prae-

300 2521 406 2605 cepta
430 2505 487 2578 dei
514 2505 742 2605 contempsit;
769 2506 854 2580 dixit
883 2507 974 2579 enirn
992 2506 1152 2580 adversa-

300 2621 367 2696 rius
385 2624 485 2696 Eure:
517 2621 708 2720 Apen'enlur
717 2621 804 2696 oculi
818 2621 913 2696 uestri
926 2620 1058 2695 eteritis
1073 2620 1155 2696 sicul

299 2736 357 2829 dii,
377 2737 495 2811 bonum
512 2746 545 2810 el
559 2736 678 2810 molum
693 2737 836 2812 scientes.
854 2740 935 2812 Nec
947 2737 1153 2812 credidisset

300 2852 429 2942 mulier,
449 2869 485 2926 ut
502 2852 592 2925 idern
610 2853 657 2927 ait
668 2853 876 2952 Augustinus
888 2878 992 2950 super
1005 2853 1150 2941 Genesi,

256 2967 446 3042 wsuasioni
481 2967 659 3057 dremonis,
694 2968 756 3042 nisi
786 2968 837 3042 sui
867 2968 1014 3066 augendi
1044 2985 1151 3043 status

240 3166 245 3175 ,
299 3106 396 3158 amor
429 3083 623 3173 invasisset,
665 3083 724 3181 qui
766 3082 856 3158 rivus
896 3109 941 3158 ex
978 3084 1150 3182 superbire

345 3337 379 3403 (6)
396 3340 548 3402 Apostolum
566 3339 599 3403 (r.
618 3339 681 3389 Cor.
702 3340 769 3389 Vlll.
790 3338 821 3402 r),
840 3340 909 3390 lnllut
923 3352 944 3390 c.
978 3337 1013 3403 (a)
1029 3352 1150 3389 sccusan-

297 3418 367 3468 tibus
383 3417 472 3482 (Eccli.
490 3420 524 3468 Χ.
544 3419 592 3483 ις),
616 3428 656 3469 est
675 3420 770 3470 initium
786 3433 807 3471 e.
841 3418 891 3485 (rr)
908 3420 1090 3469 immoderatus
1107 3422 1147 3470 Ει.

298 3496 347 3561 (15)
364 3498 491 3560 serpentis
508 3500 535 3546 Ε.
570 3498 620 3562 (17)
639 3500 707 3548 Evae
724 3499 801 3563 (Gen.
821 3500 864 3548 ΙΙΙ.
880 3496 918 3562 sl:
934 3501 983 3559 Ap.
996 3511 1017 3548 a
1051 3498 1101 3562 (ιθ)
1113 3498 1148 3548 dil

296 3577 409 3628 solentes
424 3578 520 3628 bonum
536 3587 563 3628 et
579 3580 671 3628 ndum
686 3591 707 3629 ι.
