2820 4680
656 591 707 654 39³

256 743 314 840 qui
348 747 442 818 Arco
472 745 727 842 pugnacissimo
756 745 890 844 oppido
921 745 1109 843 imperabat

256 859 406 932 coniunx
433 859 504 932 suit.
546 861 675 934 Mulier
701 886 784 934 sane
810 861 1050 935 venustissimo
1076 879 1111 934 et

256 973 405 1071 eleganti
432 999 593 1072 corpore,
621 1001 722 1072 quam
750 978 851 1073 plane
878 976 1019 1049 formam
1039 977 1112 1074 ipsa

257 1113 317 1162 sua
334 1089 482 1162 celebris
500 1089 658 1163 doctrina
675 1089 767 1188 apud
784 1116 905 1164 omnes
931 1092 1109 1165 clariorem

255 1203 435 1295 reddebat,
449 1205 576 1279 semina
588 1204 750 1303 equidem
775 1205 936 1304 imprimis
954 1210 1111 1298 humana,
1144 1239 1153 1289 ς

255 1319 364 1392 lacilis
377 1320 587 1418 optimisque
596 1321 747 1394 moribus
756 1346 797 1395 ac
811 1320 987 1419 pudicitiae
1003 1321 1112 1418 gloria

255 1433 441 1508 admodum
460 1435 706 1532 probatissima.
747 1436 856 1510 Cuius
889 1461 1002 1510 sermo
1036 1461 1112 1510 sua·

255 1549 408 1623 vissimus
446 1550 681 1648 pulcherrimis
718 1576 856 1649 semper
893 1550 1111 1625 habundabat

255 1665 423 1762 exemplis
440 1683 477 1739 et
493 1664 703 1740 auditoribus
716 1691 817 1763 quam
833 1666 979 1739 maxime
993 1666 1111 1739 iucun-

255 1778 328 1853 dus.
359 1780 498 1854 Divinae
523 1781 646 1855 litterae
668 1807 877 1879 magnopere
891 1782 979 1854 hanc
994 1781 1111 1855 mulie·
1128 1820 1156 1855 ιο

257 1921 327 1969 rem
355 1894 587 1986 delectabant,
615 1922 700 1994 quas
726 1914 761 1970 et
783 1922 941 1995 persaepe
959 1897 1111 1971 versibus

256 2010 431 2085 condebat
461 2012 567 2109 idque
597 2012 630 2084 in
660 2013 752 2085 omni
781 2038 911 2110 genere
941 2013 1110 2104 carminis,

257 2126 353 2223 quod
371 2125 511 2223 quidem
532 2126 564 2198 in
579 2128 719 2201 muliere
732 2127 839 2201 videri
853 2146 989 2225 poterat
1002 2127 1110 2201 admi-

257 2241 403 2315 rabilius.
440 2246 534 2340 Quae
569 2242 656 2316 inter
689 2262 806 2317 cetera
836 2269 908 2317 suae
942 2243 1110 2317 doctrinae

255 2356 469 2431 erudimenta
483 2360 631 2455 Eglogas
649 2361 826 2432 nonnullas
853 2376 948 2432 tanto
965 2358 1151 2451 artifici015

256 2471 419 2561 coniecit,
432 2490 466 2545 ut
475 2472 549 2546 sine
559 2473 677 2546 iniuria
686 2498 764 2546 cum
779 2474 981 2547 Cornificiae
993 2499 1110 2571 supra·

256 2585 394 2683 scriptae
414 2590 584 2661 Romanae
610 2587 821 2662 doctissimae
856 2589 889 2660 in
925 2590 1109 2663 celestibus

256 2701 373 2775 litteris
399 2728 420 2775 a
445 2728 484 2776 se
509 2703 645 2801 scriptis
670 2704 819 2778 conferri
846 2722 998 2801 possent,
1030 2730 1110 2802 quae

256 2818 436 2891 Centonas
462 2818 625 2909 confecit,
654 2837 690 2892 ut
715 2818 843 2893 dictum
871 2837 932 2893 est.
963 2823 1108 2893 Etcum

256 2932 464 3006 nobilissima
491 2934 616 3008 samilia
633 2952 725 3007 esset
751 2934 855 3024 edita,
874 2935 975 3008 etiam
1004 2935 1109 3008 maxi·
1124 2978 1154 3013 ιο

256 3073 345 3121 mum
378 3074 472 3122 usum
503 3075 576 3147 prae
605 3075 643 3123 se
674 3051 806 3124 serebat
832 3051 865 3123 in
891 3049 1042 3125 curanda
1072 3076 1109 3123 re

255 3162 407 3237 familiari
425 3189 495 3254 sua,
515 3164 611 3263 quod
628 3165 749 3239 ordine
767 3191 830 3240 suo
860 3185 985 3240 cuncta
1001 3165 1110 3240 admi-

255 3277 410 3353 nistraret
427 3305 504 3353 cum
523 3281 657 3379 optimo
675 3280 810 3354 vivendi
829 3285 1010 3380 exemplo;
1030 3307 1108 3379 pru-

254 3393 377 3468 denter
402 3396 528 3469 etenim
559 3421 603 3470 ac
632 3422 765 3470 summo
796 3397 942 3471 consilio
972 3422 1110 3494 semper

253 3509 368 3583 omnia
392 3513 545 3607 gerebat.
579 3513 727 3585 Etcum
760 3511 793 3583 in
824 3512 954 3611 magnis
984 3511 1109 3586 divitiis
1123 3559 1150 3613 ²5
