2820 4680
711 562 750 607 20

300 716 511 791 Ciceronem
525 738 608 790 vero
621 731 735 806 taceo,
750 713 845 812 quod
859 715 1041 790 continuus
1053 715 1155 792 cibus

299 856 377 908 esse
390 830 509 920 debet,
528 855 631 929 quem
645 855 714 928 ego
731 832 838 906 lassus
851 855 1010 929 persaepe
1022 829 1086 905 sed
1099 854 1155 906 sa·

300 947 400 1023 tidtus
413 969 584 1045 uunquam
599 944 719 1019 dimisi.
732 946 918 1045 Reliquum
936 945 1035 1044 igitur
1047 960 1153 1036 esset.

300 1079 337 1137 ut
353 1080 388 1136 te
413 1060 458 1137 od
483 1061 612 1135 virtutis
636 1060 809 1136 actionem
835 1078 871 1135 et
896 1060 941 1135 ad
966 1060 1154 1141 litterarum

274 1210 283 1262 t
299 1177 431 1276 optima
446 1176 558 1252 studia
571 1177 733 1250 hortarer.
750 1175 819 1250 Sed
829 1175 992 1274 quoniam
1004 1173 1049 1250 ad
1063 1192 1155 1250 utra-

299 1318 370 1392 que
395 1294 472 1368 haec
498 1292 735 1368 inflammatam
763 1291 904 1365 mirabili
926 1290 1075 1390 quadam
1091 1314 1156 1367 cu·

300 1407 442 1506 piditate
459 1410 595 1506 accepi,
606 1408 707 1481 finem
725 1407 883 1504 epistolae
900 1406 1035 1497 faciam,
1045 1405 1072 1480 si
1083 1407 1156 1483 hoc

299 1523 421 1598 dixero
437 1526 558 1598 solum.
580 1525 700 1597 Doleo
718 1546 800 1596 sane
821 1524 1053 1613 vehementer,
1076 1545 1156 1598 mea

298 1641 390 1714 lsota
407 1637 674 1736 bella‚Apolline
692 1655 893 1735 nata‚aegre.
905 1638 1084 1713 Mercurio
1101 1635 1156 1713 di·

258 1788 287 1825 ιο
299 1754 379 1829 vino
389 1769 530 1830 nectare
543 1752 693 1828 educata
702 1753 894 1853 pueilisque
906 1753 1155 1828 Pieriissacro-

299 1870 426 1944 sanctis
443 1868 583 1959 edocta,
600 1894 695 1967 aegre
714 1868 849 1967 inquam
869 1868 954 1960 sero,
970 1867 1065 1968 quod
1084 1885 1154 1945 turo

299 1983 392 2081 longi
416 1983 581 2083 temporis
607 2008 706 2059 usura
731 1985 910 2058 caruimus.
939 1987 1060 2086 Quare
1081 2002 1154 2061 stu·

298 2098 450 2173 dendum
464 2098 564 2173 nobis
577 2116 631 2173 est
643 2099 827 2175 crebritate
840 2099 1032 2174 officiorum
1051 2100 1154 2175 amis·

298 2239 370 2289 sum
381 2214 626 2291 iocunditatem
640 2240 784 2313 quoquo
794 2215 900 2290 modo
909 2216 1043 2313 quimus
1053 2241 1155 2291 recu·

258 2365 283 2415 15
300 2353 431 2427 perure.
443 2331 563 2429 ltaque
581 2329 641 2405 tibi
655 2330 814 2428 spondeo
824 2329 893 2404 fide
906 2330 1041 2421 Amica,
1056 2331 1155 2428 quod

297 2444 326 2519 si
344 2443 487 2520 iniurato
505 2471 574 2520 non
591 2444 716 2534 credis,
731 2470 793 2543 per
809 2461 947 2519 ventum
965 2462 1000 2519 et
1013 2447 1154 2522 humum

299 2558 360 2633 tibi
387 2559 460 2635 iuro
479 2585 534 2635 me
560 2578 650 2634 tuam
676 2559 813 2635 dulcem
841 2560 1038 2634 memoriam
1065 2561 1155 2637 inter

299 2698 424 2750 arcana
458 2676 611 2774 pectoris
639 2700 784 2751 servare.
825 2677 928 2766 Haec,
959 2679 1049 2750 lsota
1082 2675 1153 2770 din,

298 2793 412 2890 ampla
436 2791 558 2866 virtute
584 2809 620 2867 et
645 2793 838 2882 honestate,
856 2790 994 2866 liberius
1019 2792 1154 2892 scripsi,

256 2947 288 2984 ιο
300 2905 406 2984 fretus
423 2907 650 2999 conscientia,
663 2907 784 2983 officio
801 2924 836 2981 et
849 2932 892 2982 ea
904 2931 1006 3005 quam
1020 2933 1104 3006 erga
1116 2925 1155 2986 te
1177 2969 1183 2977 .

345 3198 380 3262 (2)
408 3203 493 3263 tapsus
519 3201 572 3250 CV.
615 3202 650 3265 (3)
676 3200 783 3263 reliquie
808 3200 838 3250 G
883 3200 917 3264 (ό)
945 3199 1094 3250 instauratam
1118 3200 1133 3248 (

300 3278 334 3350 (9)
345 3280 448 3342 apoline
465 3279 495 3340 C,
513 3282 634 3344 appoline
655 3282 683 3330 V.
711 3295 735 3331 rr.
759 3280 854 3331 edocte
870 3293 933 3344 egre
949 3279 1008 3329 mihi
1025 3294 1104 3332 merc.

298 3361 426 3409 maort.
459 3360 509 3423 (ιο)
531 3360 716 3424 puerisquee
751 3359 932 3410 Pieridiscv.
966 3358 1015 3420 (ιι.
1037 3361 1075 3424 13)
1099 3369 1127 3413 su

298 3437 420 3489 diendum
439 3439 493 3490 CV.
527 3438 577 3503 (¹4)
594 3440 751 3491 iocunditate
769 3440 799 3491 C
843 3440 893 3503 (17)
910 3439 1013 3491 dulcem
1034 3448 1103 3491 tuen

299 3518 350 3583 (18)
360 3520 470 3570 archam
484 3520 537 3570 CV.
571 3520 621 3586 dy·
642 3521 671 3570 V.
