2820 4680
699 574 759 655 428

301 749 431 826 tissimo
449 769 484 824 et
509 748 765 848 elegantissimo
790 749 955 850 omnique
980 749 1101 825 officio
1119 767 1159 823 et

300 866 423 939 virtute
440 863 657 940 ornatissimo
673 866 722 940 ob
748 864 960 963 dignitatem,
987 865 1157 965 magnitu-

300 980 415 1055 dinem
435 980 736 1078 praestuntiamque
752 979 855 1054 animi
869 980 929 1070 tui,
944 980 990 1054 ita
1002 996 1156 1069 strenue,

301 1095 346 1170 itu
370 1120 552 1194 generose,
579 1095 625 1169 ita
642 1095 747 1192 regie,
767 1095 813 1169 ita
834 1095 1014 1194 magnifice
1039 1121 1156 1170 essem

273 1212 434 1300 rudecto,
454 1235 636 1307 numquam
651 1226 747 1284 tanto
772 1210 887 1284 studio
913 1210 987 1309 ipsa
1012 1236 1155 1309 possem

298 1328 438 1402 sufferre
468 1343 504 1401 et
534 1325 679 1424 perpeti.
700 1325 891 1423 Equidem,
926 1325 972 1399 mi
1000 1325 1155 1419 Andrea,

298 1467 505 1541 quamquam
527 1466 600 1516 sum
618 1441 681 1514 abs
702 1458 748 1532 te,
763 1456 799 1515 ut
811 1440 919 1532 videt,
933 1465 1084 1539 corpore
1096 1467 1156 1517 se·

298 1558 424 1647 iuncta,
454 1575 490 1632 te
520 1575 644 1646 tamen,
680 1555 783 1630 deum
814 1572 933 1646 testor,
969 1573 1086 1631 mente
1115 1575 1157 1631 et

297 1674 412 1748 animo
430 1671 598 1770 quotidie,
618 1671 723 1745 immo
749 1671 842 1745 horis
867 1671 1016 1769 singulo,
1035 1688 1072 1745 et
1092 1696 1156 1746 au·

256 1818 286 1853 ιο
297 1789 357 1863 dio
375 1808 410 1862 et
427 1788 541 1861 video.
563 1789 692 1885 Neque
719 1787 810 1860 enim
833 1802 938 1861 noctu
964 1786 1056 1861 oculi
1083 1788 1154 1861 mei

298 1931 370 2004 prae
401 1904 503 1978 nimia
520 1928 602 1977 eura
619 1921 654 1976 et
672 1902 884 2000 cogitatione
910 1928 1065 1976 somnum
1092 1927 1154 1977 ca-

298 2047 381 2120 pere
399 2035 551 2119 possunt.
581 2018 702 2092 ltidem
716 2017 861 2092 arbitror
876 2017 949 2107 tibi,
963 2016 1078 2091 anime
1093 2018 1153 2109 mi,

297 2136 446 2210 evenire.
474 2133 558 2208 Illud
586 2132 685 2230 igitur
703 2132 784 2204 mihi
803 2132 938 2205 miserae
959 2133 1069 2206 solum
1096 2157 1155 2206 re-

296 2268 362 2325 stat
378 2249 547 2337 solatium,
562 2250 631 2322 hoc
649 2263 713 2338 est,
727 2264 786 2321 aut
803 2263 930 2338 tecum,
941 2246 986 2320 mi
1000 2245 1155 2341 Andrea,

255 2395 280 2446 rs
297 2367 391 2465 loqui
410 2391 472 2463 per
489 2365 617 2437 litteras
634 2381 692 2437 aut
709 2379 743 2437 te
762 2379 968 2461 praesentem
995 2388 1156 2437 nonnun-

296 2508 398 2581 quam
416 2500 452 2555 et
469 2479 587 2553 videre
608 2497 645 2553 et
665 2478 804 2575 alloqui.
823 2480 909 2552 Vale
924 2503 1057 2553 memor
1070 2480 1153 2553 mei.

297 2600 347 2671 Ex
365 2596 579 2685 Suburbano,
602 2593 681 2668 Idus
700 2594 802 2667 Febr.

342 2788 562 2854 wmmc
