<?xml version="1.0" encoding="UTF-8"?>
<!DOCTYPE html PUBLIC "-//W3C//DTD XHTML 1.0 Transitional//EN"
    "http://www.w3.org/TR/xhtml1/DTD/xhtml1-transitional.dtd">
<html xmlns="http://www.w3.org/1999/xhtml" xml:lang="en" lang="en">
 <head>
  <title>
</title>
<meta http-equiv="Content-Type" content="text/html;charset=utf-8" />
  <meta name='ocr-system' content='tesseract 3.04.00' />
  <meta name='ocr-capabilities' content='ocr_page ocr_carea ocr_par ocr_line ocrx_word'/>
</head>
<body>
  <div class='ocr_page' id='page_1' title='image "./isotnogarolvero01nogagoog/isotnogarolvero01nogagoog_0321.png"; bbox 0 0 2820 4680; ppageno 0'>
   <div class='ocr_carea' id='block_1_1' title="bbox 330 1247 1096 1539">
    <p class='ocr_par' dir='ltr' id='par_1_1' title="bbox 330 1247 1096 1539">
     <span class='ocr_line' id='line_1_1' title="bbox 330 1247 1096 1337; baseline -0.004 -1"><span class='ocrx_word' id='word_1_1' title='bbox 330 1248 581 1337; x_wconf 80' lang='lat' dir='ltr'>ANGELAE</span> <span class='ocrx_word' id='word_1_2' title='bbox 611 1249 685 1336; x_wconf 83' lang='lat' dir='ltr'><strong>DE</strong></span> <span class='ocrx_word' id='word_1_3' title='bbox 715 1247 1096 1336; x_wconf 77' lang='lat' dir='ltr'>NOGAROLIS</span> 
     </span>
     <span class='ocr_line' id='line_1_2' title="bbox 434 1467 999 1539; baseline 0 -1"><span class='ocrx_word' id='word_1_4' title='bbox 434 1468 573 1539; x_wconf 73' lang='lat' dir='ltr'><strong>moun</strong></span> <span class='ocrx_word' id='word_1_5' title='bbox 601 1468 668 1539; x_wconf 74' lang='lat' dir='ltr'><strong>oe</strong></span> <span class='ocrx_word' id='word_1_6' title='bbox 693 1467 999 1539; x_wconf 73' lang='lat' dir='ltr'><strong>vtururtuus.</strong></span> 
     </span>
    </p>
   </div>
   <div class='ocr_carea' id='block_1_2' title="bbox 269 1862 1062 2340">
    <p class='ocr_par' dir='ltr' id='par_1_2' title="bbox 269 1862 1062 2340">
     <span class='ocr_line' id='line_1_3' title="bbox 292 1862 1062 1944; baseline -0.004 -19"><span class='ocrx_word' id='word_1_7' title='bbox 292 1863 392 1925; x_wconf 78' lang='lat' dir='ltr'><strong>Ardua</strong></span> <span class='ocrx_word' id='word_1_8' title='bbox 414 1864 551 1924; x_wconf 88' lang='lat' dir='ltr'><strong>virtutum</strong></span> <span class='ocrx_word' id='word_1_9' title='bbox 575 1863 674 1925; x_wconf 80' lang='lat' dir='ltr'><strong>faciles</strong></span> <span class='ocrx_word' id='word_1_10' title='bbox 696 1881 779 1944; x_wconf 79' lang='lat' dir='ltr'><strong>cape,</strong></span> <span class='ocrx_word' id='word_1_11' title='bbox 799 1863 898 1936; x_wconf 89' lang='lat' dir='ltr'><strong>lector,</strong></span> <span class='ocrx_word' id='word_1_12' title='bbox 917 1862 954 1923; x_wconf 82' lang='lat' dir='ltr'><strong>ad</strong></span> <span class='ocrx_word' id='word_1_13' title='bbox 971 1880 1039 1923; x_wconf 90' lang='lat' dir='ltr'><strong>usus</strong></span> <span class='ocrx_word' id='word_1_14' title='bbox 1055 1880 1062 1935; x_wconf 91' lang='lat'>;</span> 
     </span>
     <span class='ocr_line' id='line_1_4' title="bbox 332 1959 1005 2042; baseline -0.003 -20"><span class='ocrx_word' id='word_1_15' title='bbox 332 1961 397 2022; x_wconf 79' lang='lat' dir='ltr'><strong>Alta</strong></span> <span class='ocrx_word' id='word_1_16' title='bbox 411 1959 505 2022; x_wconf 90' lang='lat' dir='ltr'><strong>solent</strong></span> <span class='ocrx_word' id='word_1_17' title='bbox 519 1961 642 2022; x_wconf 86' lang='lat' dir='ltr'><strong>humiles</strong></span> <span class='ocrx_word' id='word_1_18' title='bbox 655 1979 777 2042; x_wconf 82' lang='lat' dir='ltr'><strong>carpere</strong></span> <span class='ocrx_word' id='word_1_19' title='bbox 792 1979 879 2042; x_wconf 85' lang='lat' dir='ltr'><strong>poma</strong></span> <span class='ocrx_word' id='word_1_20' title='bbox 894 1978 1005 2021; x_wconf 83' lang='lat' dir='ltr'><strong>manus.</strong></span> 
     </span>
     <span class='ocr_line' id='line_1_5' title="bbox 296 2058 958 2141; baseline -0.003 -19"><span class='ocrx_word' id='word_1_21' title='bbox 296 2059 384 2122; x_wconf 89' lang='lat' dir='ltr'><strong>Utilis</strong></span> <span class='ocrx_word' id='word_1_22' title='bbox 398 2070 442 2120; x_wconf 87' lang='lat' dir='ltr'><strong>est</strong></span> <span class='ocrx_word' id='word_1_23' title='bbox 455 2060 553 2141; x_wconf 90' lang='lat' dir='ltr'><strong>operis</strong></span> <span class='ocrx_word' id='word_1_24' title='bbox 567 2077 688 2139; x_wconf 85' lang='lat' dir='ltr'><strong>magnos</strong></span> <span class='ocrx_word' id='word_1_25' title='bbox 702 2059 830 2120; x_wconf 84' lang='lat' dir='ltr'><strong>relevare</strong></span> <span class='ocrx_word' id='word_1_26' title='bbox 844 2058 958 2120; x_wconf 78' lang='lat' dir='ltr'><strong>labores</strong></span> 
     </span>
     <span class='ocr_line' id='line_1_6' title="bbox 339 2155 1011 2238; baseline -0.006 -20"><span class='ocrx_word' id='word_1_27' title='bbox 339 2159 376 2218; x_wconf 91' lang='lat' dir='ltr'><strong>Et</strong></span> <span class='ocrx_word' id='word_1_28' title='bbox 389 2175 477 2237; x_wconf 81' lang='lat' dir='ltr'><strong>grave</strong></span> <span class='ocrx_word' id='word_1_29' title='bbox 492 2175 545 2238; x_wconf 83' lang='lat' dir='ltr'><strong>per</strong></span> <span class='ocrx_word' id='word_1_30' title='bbox 559 2157 677 2237; x_wconf 83' lang='lat' dir='ltr'><strong>planum</strong></span> <span class='ocrx_word' id='word_1_31' title='bbox 692 2156 803 2218; x_wconf 90' lang='lat' dir='ltr'><strong>ducere</strong></span> <span class='ocrx_word' id='word_1_32' title='bbox 818 2155 934 2237; x_wconf 88' lang='lat' dir='ltr'><strong>pondus</strong></span> <span class='ocrx_word' id='word_1_33' title='bbox 949 2156 1011 2216; x_wconf 91' lang='lat' dir='ltr'><strong>iter.</strong></span> 
     </span>
     <span class='ocr_line' id='line_1_7' title="bbox 269 2253 1061 2340; baseline -0.004 -26"><span class='ocrx_word' id='word_1_34' title='bbox 269 2288 278 2340; x_wconf 76' lang='lat'>5</span> <span class='ocrx_word' id='word_1_35' title='bbox 294 2254 394 2316; x_wconf 83' lang='lat' dir='ltr'><strong>Verba</strong></span> <span class='ocrx_word' id='word_1_36' title='bbox 408 2265 515 2315; x_wconf 85' lang='lat' dir='ltr'><strong>nocent</strong></span> <span class='ocrx_word' id='word_1_37' title='bbox 529 2255 603 2335; x_wconf 83' lang='lat' dir='ltr'><strong>aptis</strong></span> <span class='ocrx_word' id='word_1_38' title='bbox 617 2254 640 2314; x_wconf 89' lang='lat' dir='ltr'><strong>si</strong></span> <span class='ocrx_word' id='word_1_39' title='bbox 656 2272 714 2314; x_wconf 96' lang='lat' dir='ltr'><strong>non</strong></span> <span class='ocrx_word' id='word_1_40' title='bbox 730 2253 917 2334; x_wconf 79' lang='lat' dir='ltr'><strong>proferentur</strong></span> <span class='ocrx_word' id='word_1_41' title='bbox 930 2253 1061 2325; x_wconf 85' lang='lat' dir='ltr'><strong>habenis,</strong></span> 
     </span>
    </p>
   </div>
   <div class='ocr_carea' id='block_1_3' title="bbox 255 2350 1099 2822">
    <p class='ocr_par' dir='ltr' id='par_1_3' title="bbox 255 2350 1099 2822">
     <span class='ocr_line' id='line_1_8' title="bbox 334 2350 1035 2413; baseline -0.003 -1"><span class='ocrx_word' id='word_1_42' title='bbox 334 2351 449 2413; x_wconf 83' lang='lat' dir='ltr'><strong>Turbat</strong></span> <span class='ocrx_word' id='word_1_43' title='bbox 463 2363 495 2413; x_wconf 94' lang='lat' dir='ltr'><strong>ut</strong></span> <span class='ocrx_word' id='word_1_44' title='bbox 508 2351 692 2412; x_wconf 72' lang='lat' dir='ltr'><strong>Armenicum</strong></span> <span class='ocrx_word' id='word_1_45' title='bbox 707 2351 825 2412; x_wconf 84' lang='lat' dir='ltr'><strong>dissona</strong></span> <span class='ocrx_word' id='word_1_46' title='bbox 839 2350 929 2411; x_wconf 84' lang='lat' dir='ltr'><strong>corda</strong></span> <span class='ocrx_word' id='word_1_47' title='bbox 944 2350 1035 2411; x_wconf 81' lang='lat' dir='ltr'><strong>liram.</strong></span> 
     </span>
     <span class='ocr_line' id='line_1_9' title="bbox 296 2445 1099 2531; baseline -0.004 -21"><span class='ocrx_word' id='word_1_48' title='bbox 296 2449 384 2531; x_wconf 83' lang='lat' dir='ltr'><strong>Soepe</strong></span> <span class='ocrx_word' id='word_1_49' title='bbox 398 2448 489 2510; x_wconf 86' lang='lat' dir='ltr'><strong>semel</strong></span> <span class='ocrx_word' id='word_1_50' title='bbox 504 2449 618 2510; x_wconf 83' lang='lat' dir='ltr'><strong>missam</strong></span> <span class='ocrx_word' id='word_1_51' title='bbox 634 2449 737 2528; x_wconf 92' lang='lat' dir='ltr'><strong>nequit</strong></span> <span class='ocrx_word' id='word_1_52' title='bbox 757 2466 790 2508; x_wconf 91' lang='lat' dir='ltr'><strong>os</strong></span> <span class='ocrx_word' id='word_1_53' title='bbox 805 2449 928 2509; x_wconf 86' lang='lat' dir='ltr'><strong>reticere</strong></span> <span class='ocrx_word' id='word_1_54' title='bbox 942 2445 1099 2527; x_wconf 83' lang='lat' dir='ltr'><strong>loquelam,</strong></span> 
     </span>
     <span class='ocr_line' id='line_1_10' title="bbox 336 2546 991 2627; baseline -0.003 -20"><span class='ocrx_word' id='word_1_55' title='bbox 336 2546 424 2627; x_wconf 83' lang='lat' dir='ltr'><strong>Soepe</strong></span> <span class='ocrx_word' id='word_1_56' title='bbox 439 2546 541 2626; x_wconf 95' lang='lat' dir='ltr'><strong>nequit</strong></span> <span class='ocrx_word' id='word_1_57' title='bbox 554 2546 613 2607; x_wconf 87' lang='lat' dir='ltr'><strong>sisti</strong></span> <span class='ocrx_word' id='word_1_58' title='bbox 628 2547 678 2626; x_wconf 95' lang='lat' dir='ltr'><strong>qui</strong></span> <span class='ocrx_word' id='word_1_59' title='bbox 693 2546 768 2607; x_wconf 86' lang='lat' dir='ltr'><strong>male</strong></span> <span class='ocrx_word' id='word_1_60' title='bbox 782 2546 874 2607; x_wconf 79' lang='lat' dir='ltr'><strong>fertur</strong></span> <span class='ocrx_word' id='word_1_61' title='bbox 887 2564 991 2625; x_wconf 87' lang='lat' dir='ltr'><strong>equus.</strong></span> 
     </span>
     <span class='ocr_line' id='line_1_11' title="bbox 297 2643 1091 2723; baseline -0.004 -18"><span class='ocrx_word' id='word_1_62' title='bbox 297 2644 327 2705; x_wconf 79' lang='lat' dir='ltr'><strong>st</strong></span> <span class='ocrx_word' id='word_1_63' title='bbox 343 2662 398 2705; x_wconf 88' lang='lat' dir='ltr'><strong>nec</strong></span> <span class='ocrx_word' id='word_1_64' title='bbox 412 2643 451 2704; x_wconf 94' lang='lat' dir='ltr'><strong>ob</strong></span> <span class='ocrx_word' id='word_1_65' title='bbox 466 2645 522 2704; x_wconf 92' lang='lat' dir='ltr'><strong>hoc</strong></span> <span class='ocrx_word' id='word_1_66' title='bbox 537 2644 627 2704; x_wconf 82' lang='lat' dir='ltr'><strong>vivam</strong></span> <span class='ocrx_word' id='word_1_67' title='bbox 642 2645 746 2705; x_wconf 82' lang='lat' dir='ltr'><strong>tacitus</strong></span> <span class='ocrx_word' id='word_1_68' title='bbox 760 2655 920 2705; x_wconf 91' lang='lat' dir='ltr'><strong>contemno</strong></span> <span class='ocrx_word' id='word_1_69' title='bbox 935 2643 1091 2723; x_wconf 83' lang='lat' dir='ltr'><strong>loquelam,</strong></span> 
     </span>
     <span class='ocr_line' id='line_1_12' title="bbox 255 2740 878 2822; baseline -0.005 -18"><span class='ocrx_word' id='word_1_70' title='bbox 255 2769 284 2806; x_wconf 85' lang='lat'><strong>10</strong></span> <span class='ocrx_word' id='word_1_71' title='bbox 340 2743 411 2802; x_wconf 93' lang='lat' dir='ltr'><strong>Non</strong></span> <span class='ocrx_word' id='word_1_72' title='bbox 425 2752 470 2802; x_wconf 90' lang='lat' dir='ltr'><strong>est</strong></span> <span class='ocrx_word' id='word_1_73' title='bbox 485 2760 538 2822; x_wconf 90' lang='lat' dir='ltr'><strong>pro</strong></span> <span class='ocrx_word' id='word_1_74' title='bbox 553 2741 621 2802; x_wconf 94' lang='lat' dir='ltr'><strong>lolio</strong></span> <span class='ocrx_word' id='word_1_75' title='bbox 635 2740 782 2802; x_wconf 85' lang='lat' dir='ltr'><strong>reiicenda</strong></span> <span class='ocrx_word' id='word_1_76' title='bbox 797 2741 878 2803; x_wconf 80' lang='lat' dir='ltr'><strong>tides.</strong></span> 
     </span>
    </p>
   </div>
   <div class='ocr_carea' id='block_1_4' title="bbox 299 2961 1157 3586">
    <p class='ocr_par' dir='ltr' id='par_1_4' title="bbox 299 2961 1155 3185">
     <span class='ocr_line' id='line_1_13' title="bbox 348 2961 1153 3024; baseline 0 -14"><span class='ocrx_word' id='word_1_77' title='bbox 348 2964 419 3011; x_wconf 78' lang='lat' dir='ltr'><strong>Extat</strong></span> <span class='ocrx_word' id='word_1_78' title='bbox 444 2963 467 3010; x_wconf 90' lang='lat' dir='ltr'><strong>in</strong></span> <span class='ocrx_word' id='word_1_79' title='bbox 491 2962 566 3010; x_wconf 92' lang='lat' dir='ltr'><strong>unico</strong></span> <span class='ocrx_word' id='word_1_80' title='bbox 591 2961 682 3011; x_wconf 88' lang='lat' dir='ltr'><strong>codice</strong></span> <span class='ocrx_word' id='word_1_81' title='bbox 709 2962 846 3010; x_wconf 84' lang='lat' dir='ltr'><strong>Mutinensi</strong></span> <span class='ocrx_word' id='word_1_82' title='bbox 871 2962 938 3010; x_wconf 89' lang='lat' dir='ltr'><strong>Vlll.</strong></span> <span class='ocrx_word' id='word_1_83' title='bbox 958 2961 986 3008; x_wconf 86' lang='lat' dir='ltr'><strong>E.</strong></span> <span class='ocrx_word' id='word_1_84' title='bbox 1006 2973 1033 3008; x_wconf 91' lang='lat'><strong>21</strong></span> <span class='ocrx_word' id='word_1_85' title='bbox 1052 2961 1153 3024; x_wconf 79' lang='lat' dir='ltr'><strong>signato</strong></span> 
     </span>
     <span class='ocr_line' id='line_1_14' title="bbox 299 3040 1155 3106; baseline -0.001 -15"><span class='ocrx_word' id='word_1_86' title='bbox 299 3056 359 3092; x_wconf 85' lang='lat' dir='ltr'><strong>saec.</strong></span> <span class='ocrx_word' id='word_1_87' title='bbox 376 3044 424 3091; x_wconf 82' lang='lat' dir='ltr'><strong>XV</strong></span> <span class='ocrx_word' id='word_1_88' title='bbox 440 3040 492 3106; x_wconf 86' lang='lat' dir='ltr'><strong>(C),</strong></span> <span class='ocrx_word' id='word_1_89' title='bbox 502 3056 533 3090; x_wconf 86' lang='lat' dir='ltr'><strong>ex</strong></span> <span class='ocrx_word' id='word_1_90' title='bbox 549 3056 603 3104; x_wconf 90' lang='lat' dir='ltr'><strong>quo</strong></span> <span class='ocrx_word' id='word_1_91' title='bbox 619 3041 820 3091; x_wconf 87' lang='lat' dir='ltr'><strong>describendum</strong></span> <span class='ocrx_word' id='word_1_92' title='bbox 836 3042 933 3090; x_wconf 79' lang='lat' dir='ltr'><strong>curavit</strong></span> <span class='ocrx_word' id='word_1_93' title='bbox 944 3041 1069 3089; x_wconf 79' lang='lat' dir='ltr'><strong>Antonius</strong></span> <span class='ocrx_word' id='word_1_94' title='bbox 1085 3042 1155 3103; x_wconf 77' lang='lat' dir='ltr'>Cap·</span> 
     </span>
     <span class='ocr_line' id='line_1_15' title="bbox 300 3121 1086 3185; baseline -0.004 -14"><span class='ocrx_word' id='word_1_95' title='bbox 300 3124 369 3185; x_wconf 89' lang='lat' dir='ltr'><strong>pelli,</strong></span> <span class='ocrx_word' id='word_1_96' title='bbox 387 3123 554 3171; x_wconf 81' lang='lat' dir='ltr'><strong>Bibliothecae</strong></span> <span class='ocrx_word' id='word_1_97' title='bbox 573 3123 684 3171; x_wconf 82' lang='lat' dir='ltr'><strong>Estensis</strong></span> <span class='ocrx_word' id='word_1_98' title='bbox 701 3121 898 3185; x_wconf 84' lang='lat' dir='ltr'><strong>viceproelectus</strong></span> <span class='ocrx_word' id='word_1_99' title='bbox 915 3122 1086 3172; x_wconf 82' lang='lat' dir='ltr'><strong>doctissimus.</strong></span> 
     </span>
    </p>

    <p class='ocr_par' dir='ltr' id='par_1_5' title="bbox 302 3202 1154 3347">
     <span class='ocr_line' id='line_1_16' title="bbox 352 3202 1154 3266; baseline -0.002 -15"><span class='ocrx_word' id='word_1_100' title='bbox 352 3202 455 3251; x_wconf 69' lang='lat' dir='ltr'><strong>litulum</strong></span> <span class='ocrx_word' id='word_1_101' title='bbox 471 3215 513 3266; x_wconf 78' lang='lat' dir='ltr'><strong>ego</strong></span> <span class='ocrx_word' id='word_1_102' title='bbox 528 3202 630 3262; x_wconf 56' lang='lat' dir='ltr'><strong>aduttum</strong></span> <span class='ocrx_word' id='word_1_103' title='bbox 645 3203 670 3252; x_wconf 83' lang='lat' dir='ltr'><strong>t&#39;tt</strong></span> <span class='ocrx_word' id='word_1_104' title='bbox 686 3204 710 3253; x_wconf 92' lang='lat' dir='ltr'>C</span> <span class='ocrx_word' id='word_1_105' title='bbox 724 3203 762 3252; x_wconf 81' lang='lat' dir='ltr'><strong>lu&#39;c</strong></span> <span class='ocrx_word' id='word_1_106' title='bbox 772 3205 837 3252; x_wconf 59' lang='grc' dir='ltr'><strong>αἰαὶ</strong></span> <span class='ocrx_word' id='word_1_107' title='bbox 852 3202 950 3252; x_wconf 73' lang='lat' dir='ltr'><strong>titulus:</strong></span> <span class='ocrx_word' id='word_1_108' title='bbox 967 3205 1020 3251; x_wconf 87' lang='lat' dir='ltr'><strong>Per</strong></span> <span class='ocrx_word' id='word_1_109' title='bbox 1030 3204 1154 3264; x_wconf 68' lang='lat' dir='ltr'><strong>Angelum</strong></span> 
     </span>
     <span class='ocr_line' id='line_1_17' title="bbox 302 3267 842 3347; baseline 0.004 -17"><span class='ocrx_word' id='word_1_110' title='bbox 302 3283 336 3330; x_wconf 93' lang='lat' dir='ltr'><strong>de</strong></span> <span class='ocrx_word' id='word_1_111' title='bbox 349 3283 486 3346; x_wconf 79' lang='lat' dir='ltr'><strong>Nogarolis</strong></span> <span class='ocrx_word' id='word_1_112' title='bbox 497 3267 570 3347; x_wconf 72' lang='grc' dir='ltr'><strong>ιοοὲ.</strong></span> <span class='ocrx_word' id='word_1_113' title='bbox 589 3286 669 3330; x_wconf 81' lang='lat' dir='ltr'><strong>Amor</strong></span> <span class='ocrx_word' id='word_1_114' title='bbox 686 3285 735 3332; x_wconf 85' lang='lat' dir='ltr'><strong>huc</strong></span> <span class='ocrx_word' id='word_1_115' title='bbox 751 3296 842 3345; x_wconf 86' lang='lat' dir='ltr'><strong>vsque.</strong></span> 
     </span>
    </p>

    <p class='ocr_par' dir='ltr' id='par_1_6' title="bbox 302 3361 1157 3586">
     <span class='ocr_line' id='line_1_18' title="bbox 349 3361 1157 3427; baseline 0.001 -17"><span class='ocrx_word' id='word_1_116' title='bbox 349 3361 383 3427; x_wconf 81' lang='grc' dir='ltr'><strong>(ι)</strong></span> <span class='ocrx_word' id='word_1_117' title='bbox 400 3363 496 3412; x_wconf 76' lang='lat' dir='ltr'><strong>lucilles</strong></span> <span class='ocrx_word' id='word_1_118' title='bbox 513 3362 543 3412; x_wconf 91' lang='lat' dir='ltr'><strong>C.</strong></span> <span class='ocrx_word' id='word_1_119' title='bbox 578 3363 811 3427; x_wconf 71' lang='lat' dir='ltr'><strong>(olhurmonicaml</strong></span> <span class='ocrx_word' id='word_1_120' title='bbox 844 3365 878 3427; x_wconf 88' lang='lat'><strong>(7)</strong></span> <span class='ocrx_word' id='word_1_121' title='bbox 891 3363 1029 3426; x_wconf 79' lang='lat' dir='ltr'><strong>nequidG</strong></span> <span class='ocrx_word' id='word_1_122' title='bbox 1065 3363 1157 3426; x_wconf 60' lang='lat' dir='ltr'><strong>(8lse</strong></span> 
     </span>
     <span class='ocr_line' id='line_1_19' title="bbox 302 3442 1155 3508; baseline 0 -17"><span class='ocrx_word' id='word_1_123' title='bbox 302 3445 352 3491; x_wconf 89' lang='lat' dir='ltr'><strong>mel</strong></span> <span class='ocrx_word' id='word_1_124' title='bbox 366 3445 423 3507; x_wconf 77' lang='lat' dir='ltr'><strong>post</strong></span> <span class='ocrx_word' id='word_1_125' title='bbox 437 3456 510 3505; x_wconf 77' lang='lat' dir='ltr'><strong>saepe</strong></span> <span class='ocrx_word' id='word_1_126' title='bbox 531 3445 587 3492; x_wconf 79' lang='lat' dir='ltr'><strong>ante</strong></span> <span class='ocrx_word' id='word_1_127' title='bbox 611 3456 669 3492; x_wconf 85' lang='lat' dir='ltr'><strong>corr.</strong></span> <span class='ocrx_word' id='word_1_128' title='bbox 698 3444 810 3508; x_wconf 73' lang='lat' dir='ltr'><strong>scriptum</strong></span> <span class='ocrx_word' id='word_1_129' title='bbox 835 3447 886 3494; x_wconf 80' lang='lat' dir='ltr'><strong>erat</strong></span> <span class='ocrx_word' id='word_1_130' title='bbox 901 3444 925 3493; x_wconf 86' lang='lat' dir='ltr'><strong>t&#39;n</strong></span> <span class='ocrx_word' id='word_1_131' title='bbox 943 3444 973 3493; x_wconf 91' lang='lat' dir='ltr'><strong>C.</strong></span> <span class='ocrx_word' id='word_1_132' title='bbox 1008 3442 1105 3504; x_wconf 88' lang='lat' dir='ltr'><strong>nequid</strong></span> <span class='ocrx_word' id='word_1_133' title='bbox 1123 3443 1155 3492; x_wconf 89' lang='lat' dir='ltr'><strong>C.</strong></span> 
     </span>
     <span class='ocr_line' id='line_1_20' title="bbox 302 3521 557 3586; baseline 0 -14"><span class='ocrx_word' id='word_1_134' title='bbox 302 3521 336 3585; x_wconf 82' lang='lat'><strong>(9)</strong></span> <span class='ocrx_word' id='word_1_135' title='bbox 353 3531 509 3586; x_wconf 85' lang='lat' dir='ltr'><strong>contempno</strong></span> <span class='ocrx_word' id='word_1_136' title='bbox 527 3523 557 3572; x_wconf 80' lang='lat' dir='ltr'>C</span> 
     </span>
    </p>
   </div>
   <div class='ocr_carea' id='block_1_5' title="bbox 0 0 1441 4680">
    <p class='ocr_par' dir='ltr' id='par_1_7' title="bbox 0 0 1441 4680">
     <span class='ocr_line' id='line_1_21' title="bbox 0 0 1441 4680; baseline 0 0"><span class='ocrx_word' id='word_1_137' title='bbox 0 0 1441 4680; x_wconf 95' lang='lat' dir='ltr'><strong> </strong></span> 
     </span>
    </p>
   </div>
  </div>
 </body>
</html>
