2820 4680
560 592 619 654 427

165 745 222 843 qui
242 745 430 843 praesertim
457 746 581 819 florent
598 746 734 821 iuvenili
752 763 867 838 aetate,
895 746 1019 845 quibus

166 863 244 958 lege
262 859 424 935 edictove
439 879 575 935 cautum
589 879 644 935 est
652 887 730 936 cum
741 862 887 936 maxima
900 887 1018 936 eorum

166 976 331 1073 pernicie,
363 1002 406 1050 ne
432 1001 554 1074 aquam
581 1001 603 1049 e
629 977 706 1050 vivo
738 977 873 1075 gurgite
899 978 1019 1050 saltem

166 1091 272 1165 libare
298 1091 431 1189 possint
451 1109 509 1165 aut
536 1091 568 1163 in
604 1091 846 1165 amoenissimis
878 1090 1020 1165 hortulis

166 1208 229 1281 sub
248 1207 342 1281 molli
361 1209 459 1281 coelo
485 1232 527 1281 ac
554 1208 784 1306 pulcherrima
811 1209 911 1306 plaga
933 1208 1021 1282 inter
1053 1240 1062 1290 ς

166 1341 346 1397 vernantes
363 1324 478 1413 flores,
498 1324 585 1397 inter
601 1323 785 1397 candentia
802 1323 870 1397 lilia
891 1349 952 1397 seu
966 1348 1021 1398 ru·

167 1440 289 1512 bentes
306 1463 401 1512 rosas
414 1440 572 1512 arborum
592 1464 696 1537 poma
714 1439 801 1512 inter
815 1438 956 1513 frondes
969 1463 1021 1512 ra-

167 1579 312 1651 mosque
345 1553 535 1652 gratissima
573 1554 645 1628 visu
685 1554 805 1628 lrustra
841 1569 1019 1652 appetere.

167 1669 323 1770 Quippe,
344 1685 379 1743 ut
398 1695 488 1743 nunc
505 1669 551 1743 de
570 1694 625 1742 me
639 1694 741 1767 quam
757 1668 956 1766 parcissime
969 1668 1021 1742 di·

119 1848 128 1866 .
167 1811 255 1875 cam,
274 1810 347 1858 sum
375 1802 535 1883 tanquam
559 1784 746 1858 miserrima
771 1785 914 1876 avicula,
941 1809 1021 1882 quae
1037 1813 1067 1851 ιο

167 1901 306 2000 quidem
334 1902 506 1997 ergastulo
533 1899 685 1990 traditur,
713 1899 767 1974 cui
798 1900 862 1973 etsi
890 1900 1020 1974 coelum

167 2043 209 2090 ac
231 2041 311 2090 aera
341 2015 461 2089 intueri
489 2015 603 2106 liceat,
629 2031 779 2089 attamen
805 2041 849 2089 ex
876 2032 1021 2114 angusto

167 2156 309 2206 carcere
323 2157 437 2229 neque
451 2134 589 2205 evolare
604 2157 717 2229 neque
731 2131 883 2228 effugere
892 2146 1019 2230 potest.

168 2247 420 2345 Quamobrem,
441 2272 484 2320 ne
503 2247 637 2345 longius
654 2245 865 2345 progrediar,
883 2247 910 2320 si
925 2248 1022 2321 labo-

167 2387 232 2452 res,
251 2362 278 2435 si
297 2387 407 2453 curas,
426 2363 453 2436 si
480 2363 619 2460 vigilias,
647 2363 674 2436 si
700 2388 878 2452 aerumnas,
905 2363 933 2436 si
959 2363 1064 2451 de·15

167 2478 271 2577 nique
290 2478 408 2552 mortis
425 2478 620 2553 discrimina
637 2504 739 2577 paene
766 2479 1022 2554 innumerabilia

168 2619 332 2667 nosceres
350 2619 438 2684 mea,
457 2620 560 2693 quum
579 2594 624 2668 sis
639 2594 798 2691 prolecto
817 2620 880 2692 pro
899 2610 955 2668 tua
973 2595 1022 2668 le-

169 2709 273 2784 nitate
292 2727 329 2782 et
354 2710 615 2784 mansuetudine
642 2709 743 2784 animi
766 2735 834 2784 non
853 2727 940 2800 trux,
958 2709 1021 2783 sed

168 2824 307 2922 ingenio
325 2824 424 2915 mitis,
443 2850 498 2899 me
516 2824 732 2899 consolando
746 2842 782 2899 et
795 2850 905 2923 prope
918 2848 1022 2923 aeque

168 2939 334 3029 dolendo,
365 2964 460 3013 esses
477 2940 574 3014 simul
593 2959 629 3014 et
650 2940 765 3015 socius
787 2958 823 3014 et
849 2940 1022 3038 particeps
1037 2977 1068 3015 ιο

167 3055 318 3129 omnium
338 3055 634 3130 incommodorum
653 3081 817 3130 meorum.
839 3060 933 3157 Quae
947 3056 1022 3154 qui·

168 3169 260 3260 dem,
279 3169 325 3243 itu
343 3195 398 3244 me
415 3170 462 3244 dii
480 3188 606 3261 ament,
625 3171 687 3245 nisi
706 3171 766 3244 tibi
785 3171 913 3245 homini
935 3171 1022 3246 doc·

215 3389 249 3454 (4)
266 3389 377 3439 liberare
388 3388 413 3438 tir
423 3389 475 3440 cod.
488 3392 524 3440 est
532 3390 661 3441 secundum
672 3391 702 3441 C
736 3391 771 3456 (4)
782 3391 974 3441 cunvcnissimis
989 3391 1019 3442 C.

168 3470 202 3535 (ὁ)
219 3470 337 3520 cudentis
358 3470 388 3520 C.
422 3469 457 3535 (9)
482 3472 633 3533 ριυοίεείωι
649 3471 679 3521 C.
714 3470 764 3535 (rr)
780 3471 893 3520 truditur
911 3472 935 3519 S.
970 3469 1020 3533 (17)

168 3564 247 3611 quom
264 3551 293 3601 C.
329 3552 377 3615 (ιο)
395 3552 475 3599 sotius
492 3551 522 3600 C.
