2820 4680
878 604 935 662 4²²

483 758 651 858 Equidem
669 777 832 856 quantum
851 759 984 832 ratione
1002 774 1037 831 et
1055 756 1257 831 coniectura
1282 779 1338 829 as-

481 874 579 973 sequi
593 898 744 972 possum,
759 875 904 948 arbitror
918 876 1006 947 hanc
1021 872 1180 972 profecto
1199 897 1267 943 non
1287 870 1339 942 in-

481 988 620 1087 dignam
639 1013 719 1063 esse
741 989 869 1063 eximio
894 1014 1013 1063 amore
1030 1005 1066 1063 et
1083 985 1339 1061 existimatione

482 1122 550 1194 tua,
569 1129 648 1179 cum
666 1105 741 1179 eius
758 1103 885 1195 divino,
901 1121 936 1177 ut
949 1104 1053 1193 aiunt,
1070 1127 1170 1201 paene
1185 1101 1339 1198 ingenio,

456 1251 466 1302 ς
482 1237 552 1294 tum
563 1218 745 1318 prudentia
762 1237 797 1293 et
815 1245 875 1293 usu
895 1245 1004 1293 rerum
1016 1219 1242 1317 plurimarum.
1268 1219 1341 1289 Ve-

482 1362 554 1409 rum
573 1352 620 1425 tu,
639 1361 744 1433 quum
771 1336 927 1433 proxime
954 1335 1008 1407 vix
1036 1335 1116 1407 mihi
1142 1331 1341 1407 ostenderis

481 1451 555 1524 eius
573 1449 756 1549 quamdam
774 1451 818 1524 ad
838 1470 872 1524 te
890 1451 1071 1547 epistolam
1099 1475 1181 1523 sane
1206 1447 1340 1522 diserte

481 1582 528 1657 et,
556 1583 591 1639 ut
617 1567 784 1664 suspicor,
815 1565 981 1640 amatorie
1007 1565 1179 1663 scriptam,
1206 1590 1341 1663 nequa·

481 1707 583 1780 quam
617 1707 655 1756 es
686 1708 815 1780 passuS,
851 1698 886 1754 ut
920 1706 996 1755 eam
1033 1683 1150 1778 legere
1185 1705 1337 1777 possem.

439 1833 469 1869 ιο
483 1797 593 1898 Quod
607 1797 749 1895 quidem
763 1798 825 1871 abs
838 1815 873 1870 te
888 1796 1014 1870 sactum
1029 1797 1199 1883 existimo,
1210 1821 1253 1868 ne
1267 1820 1340 1892 ego

483 1913 657 2010 utriusque
681 1931 827 1986 vestrum
856 1913 946 1986 iacta
972 1937 1014 1985 ac
1040 1913 1138 1985 simul
1164 1909 1257 1985 dicta
1274 1935 1341 1983 co-

481 2053 699 2126 gnoscerem,
715 2028 786 2101 sive
805 2027 968 2116 fortassis,
984 2052 1027 2100 ne
1043 2026 1241 2125 perspicere
1256 2051 1341 2123 pos-

482 2168 554 2216 sem
573 2144 627 2216 vel
646 2142 838 2216 tarditatem
858 2143 984 2239 ingenii
1003 2143 1070 2215 mei
1084 2142 1155 2214 sive
1170 2140 1339 2214 inscitiam

482 2276 586 2356 atque
602 2258 754 2332 inertiam
769 2259 953 2332 litterarum
964 2283 1125 2331 mearum.
1139 2259 1267 2354 Neque
1282 2281 1340 2328 me

440 2374 636 2471 15praeterit
661 2374 770 2446 minus
788 2374 860 2447 fieri
879 2398 993 2472 posse,
1014 2370 1208 2445 huiusmodi
1227 2371 1341 2443 homi-

472 2490 562 2562 'nem
578 2488 624 2562 uti
639 2504 673 2560 tu
688 2513 737 2578 es,
752 2489 896 2562 amicam
916 2488 1105 2586 praesertim
1124 2486 1175 2561 sui
1193 2486 1340 2559 similem

484 2619 705 2701 provocatam
724 2604 888 2678 suavitate
914 2604 1040 2701 ingenii
1067 2603 1126 2692 tui,
1154 2601 1339 2700 probitate,

484 2721 618 2809 virtute,
643 2719 840 2793 innocentia
866 2720 1008 2794 mirifice
1035 2745 1103 2793 non
1130 2718 1276 2815 diligere
1302 2734 1341 2790 et

484 2860 608 2909 amare.
629 2835 784 2936 Quippe,
805 2853 840 2908 ut
854 2834 949 2933 quod
963 2835 1075 2909 sentio
1088 2834 1196 2907 libere
1210 2833 1339 2923 dicam,

441 2989 471 3023 20
484 2976 552 3024 non
571 2951 633 3024 nisi
652 2953 864 3049 praeclaram,
880 2951 1059 3049 ingenuam
1073 2976 1116 3024 ac
1132 2974 1339 3048 generosam

484 3065 662 3141 soeminam
697 3093 774 3142 esse
808 3066 964 3156 dixerim,
1000 3091 1080 3165 quae
1113 3065 1266 3164 quidem,
1303 3082 1341 3139 ut

531 3321 565 3385 (³)
590 3323 777 3372 estimatione?
817 3322 851 3387 (6)
878 3336 956 3384 quem
983 3322 1012 3372 C.
1054 3321 1104 3384 (υ)
1128 3321 1283 3383 prospicere
1306 3321 1339 3372 C.

483 3399 534 3465 (ις)
560 3401 686 3451 huismodi
714 3403 740 3452 8.
774 3401 824 3466 (16)
852 3402 950 3451 unicam
973 3402 998 3451 8.
1043 3399 1093 3464 (17)
1118 3407 1282 3463 pervocatam
1306 3400 1338 3450 C

484 3480 533 3545 (ιθ)
557 3490 582 3530 et
605 3481 630 3530 t'n
652 3481 729 3531 oodt'ce
752 3482 830 3531 decan
845 3484 987 3530 annontum
1002 3483 1037 3530 est
1052 3479 1076 3528 t'n
1093 3481 1123 3539 C,
1141 3478 1211 3528 habet
1227 3479 1252 3528 8.
1289 3479 1341 3544 (19)

484 3563 558 3609 centii
575 3562 605 3610 C.
640 3562 689 3624 (ιι)
708 3562 824 3610 seminam
841 3561 871 3611 G
