2820 4680
654 575 712 635 447

255 727 372 815 maius,
402 725 505 799 immo
532 726 786 823 amplissimum,
813 725 1106 825 quemadmodum

254 868 275 917 a
292 841 466 941 plerisque
492 840 619 915 certius
637 841 717 915 mihi
736 858 772 915 et
789 841 918 916 dictum
945 858 982 916 et
999 840 1107 940 scrip

255 975 324 1032 tum
359 975 422 1032 est.
454 956 631 1031 Caeterum
668 957 700 1030 in
728 960 796 1031 hoc
822 960 916 1048 1000,
955 957 1000 1032 de
1035 984 1107 1057 quo

256 1073 290 1147 in
325 1072 508 1172 praesentia
552 1072 687 1163 scribo,
732 1099 800 1148 non
842 1073 987 1147 arbitror
1025 1071 1108 1147 resi-

254 1190 350 1279 dere,
385 1188 418 1261 ni
450 1188 558 1278 fallor,
586 1190 701 1287 plures
739 1214 839 1288 quam
879 1188 964 1263 duas
996 1191 1106 1263 solum
1139 1225 1149 1274 t

254 1308 308 1380 vel
326 1322 396 1381 tres
413 1303 457 1378 ad
475 1329 640 1378 summum
656 1328 770 1378 sacras
787 1304 944 1402 virgines.
966 1306 1048 1379 Non
1062 1305 1106 1378 ab

255 1447 292 1495 re
320 1422 396 1494 haec
418 1419 463 1494 ad
480 1437 515 1493 te
534 1419 585 1493 his
603 1419 721 1494 litteris
743 1419 957 1519 perscribere
975 1419 1104 1493 censui.

256 1541 483 1639 Quapropter
500 1561 563 1635 pro
589 1553 688 1610 certo
706 1538 775 1610 hoe
801 1535 860 1609 tibi
887 1534 1106 1634 persuadeas,

255 1680 310 1728 me
335 1677 506 1751 nunquam
541 1652 732 1750 quieturam
759 1677 873 1750 neque
901 1652 966 1725 ulla
991 1649 1057 1725 alia
1074 1650 1106 1724 in

255 1795 292 1843 re
311 1795 366 1842 me
389 1768 496 1865 magis
513 1767 641 1842 obnixe
655 1767 880 1841 laboraturum
904 1793 973 1841 non
1001 1765 1106 1842 modo
1124 1801 1154 1838 ιο

256 1910 377 1983 magna
395 1883 630 1971 contentione,
648 1881 712 1957 sed
731 1882 858 1981 ingenti
873 1881 1106 1972 dimicatione,

255 2026 356 2100 quam
376 2026 446 2098 quo
461 2016 566 2098 pacto
584 1999 750 2098 quibusve
763 1998 890 2072 artibus
903 1998 1031 2097 possim
1047 1998 1106 2072 tibi

255 2117 311 2191 uni
331 2141 460 2189 morem
478 2141 611 2213 gerere.
640 2114 785 2217 Quippe
811 2114 973 2212 quoniam
999 2139 1108 2213 opera

255 2248 312 2306 tua
324 2232 402 2306 vivo
413 2228 463 2327 (es
475 2231 566 2304 enim
577 2230 658 2304 mihi
672 2229 866 2328 praesidium
877 2246 913 2303 et
925 2255 1106 2304 ornamen-

256 2362 326 2419 tum
364 2345 409 2420 ad
438 2346 563 2420 victum
590 2363 695 2444 atque
722 2344 861 2441 cultum)
888 2345 1104 2420 concitatiori
1123 2382 1148 2432 ις

255 2460 379 2535 affectu
398 2461 494 2560 quasi
514 2460 547 2533 in
563 2460 764 2559 Olimpiaco
777 2460 966 2535 certamine
978 2462 1106 2536 athleta
1156 2488 1161 2502 ·

255 2604 323 2650 non
343 2577 511 2676 ignobilis,
531 2576 563 2650 in
590 2576 665 2651 dies
684 2576 790 2675 magis
815 2602 858 2651 ac
883 2577 990 2675 magis
1015 2577 1106 2652 desi-

255 2692 353 2768 derio
380 2693 426 2767 tui
444 2693 576 2767 animus
601 2719 697 2767 meus
714 2692 927 2782 accenditur,
953 2691 1045 2768 adeo
1071 2709 1107 2766 ut

254 2808 323 2881 vita
340 2809 577 2909 potiusquam
604 2827 639 2882 te
665 2833 785 2883 carere
811 2808 933 2882 malim.
962 2811 998 2882 ln
1025 2811 1105 2899 hoc,

255 2923 362 2998 crede
380 2924 472 3015 mihi,
490 2924 606 2999 omnia
623 2949 700 2998 mea
716 2923 838 3016 studia,
856 2950 993 2998 omnem
1019 2949 1106 3023 ope-
1121 2961 1152 2998 ιο

255 3064 337 3129 ram,
355 3064 483 3130 curam,
503 3039 710 3130 industriam,
733 3040 991 3138 cogitationem,
1011 3065 1106 3114 men-

255 3170 324 3228 tem
347 3153 499 3254 denique
524 3181 662 3230 omnem
690 3155 745 3229 fixi
764 3172 801 3229 et
826 3155 946 3230 locavi.
977 3157 1105 3256 Neque

255 3294 465 3369 magnopere
487 3296 653 3362 curarem,
673 3289 708 3345 ut
732 3271 847 3346 studio
873 3287 933 3346 tuo
958 3272 1105 3372 obsequi

302 3454 336 3518 (1)
359 3455 431 3516 quod
455 3455 487 3504 ad
504 3455 608 3505 modum
625 3456 655 3506 G
690 3457 724 3519 (7)
741 3457 906 3519 prescribere
921 3458 951 3507 C.
986 3458 1037 3521 (ro)
1052 3472 1106 3508 om-

255 3533 352 3584 nixee
386 3535 653 3600 (15)concitationie
