2820 4680
692 618 750 677 452

293 794 459 842 summum
501 769 661 853 studium,
692 766 866 865 egregiam
901 766 1003 839 fidem
1027 784 1150 863 atque

294 909 446 957 amorem
469 885 680 983 praecipuum
708 883 740 956 in
767 899 802 956 te
820 907 944 966 meum,
971 881 1151 955 sciscitare

295 999 553 1097 diligentissime
567 999 613 1074 de
627 999 679 1074 his
691 998 861 1086 omnibus,
874 996 1012 1071 demum
1027 995 1072 1069 ad
1087 1021 1153 1070 nos

295 1113 551 1192 accuratissime
572 1115 713 1191 scribas.
734 1113 880 1215 Quippe
897 1111 925 1186 si
944 1111 1054 1186 minus
1080 1112 1152 1186 hoc

270 1255 339 1313 sex
368 1230 540 1305 sententia
567 1229 704 1331 assequi
731 1247 867 1328 potero,
893 1226 960 1303 ulia
983 1226 1153 1302 continuo

297 1344 395 1420 nobis
425 1344 512 1420 ratio
532 1344 597 1420 erit
627 1344 784 1421 ineunda
823 1347 968 1419 Prorsus
996 1342 1151 1427 decrevi,

297 1479 459 1558 quantum
487 1460 518 1534 in
546 1485 603 1534 me
628 1461 703 1551 erit,
724 1460 851 1559 ingenti
881 1458 995 1533 studio
1027 1483 1153 1532 navare

296 1602 450 1674 operam,
469 1601 513 1649 ne
530 1576 592 1651 abs
610 1593 645 1650 te
662 1602 731 1674 ego
753 1578 823 1651 ullo
842 1574 948 1650 modo
973 1573 1153 1662 destituar,

296 1709 355 1767 aut
371 1691 467 1792 quod
486 1694 551 1767 hac
578 1709 693 1767 nostra
719 1692 752 1766 in
779 1694 863 1768 urbe
890 1715 998 1790 penes
1025 1714 1081 1764 me
1107 1689 1154 1764 sis

256 1844 285 1880 10
298 1832 473 1882 mansurus
499 1806 607 1906 (quod
633 1824 759 1907 praeter
784 1807 923 1883 modum
950 1804 1068 1905 cupio)
1095 1822 1154 1879 aut

299 1923 464 1998 hinc'alio
482 1923 691 2021 migraturus.
718 1926 776 1998 De
795 1921 1035 2010 incommodis,
1062 1920 1117 1995 dis
1137 1962 1153 1973 -

298 2039 481 2114 cultatibus
497 2056 602 2139 atque
619 2038 750 2137 magnis
768 2038 905 2114 iacturis
921 2037 997 2128 tuis,
1016 2036 1153 2137 quibus,

299 2173 335 2228 ut
360 2154 492 2242 scribis,
518 2179 557 2229 es
583 2171 764 2253 tantopere
780 2179 978 2253 oppressus,
997 2152 1081 2228 tristi
1108 2153 1154 2226 si-

298 2270 405 2344 lentio
422 2293 465 2345 ac
479 2269 583 2345 tacita
596 2269 771 2361 moestitia,
784 2268 1076 2370 quemadmodum
1091 2267 1155 2342 de.

259 2422 283 2471 ις
299 2389 381 2475 beo,
400 2410 611 2484 magnopere
636 2385 744 2461 doleo
760 2402 797 2460 et
821 2411 940 2484 angor,
967 2404 1155 2486 propterea

299 2500 396 2602 quod
422 2500 496 2599 ipse
522 2500 641 2577 insano
666 2501 734 2575 mei
759 2526 877 2577 amore
902 2519 1024 2600 captus
1047 2521 1154 2602 atque

301 2617 460 2691 incensus
476 2631 553 2691 toto
570 2617 640 2691 hoc
657 2633 815 2716 tempore
833 2615 866 2690 in
884 2615 965 2692 ocio
992 2643 1061 2692 non
1079 2618 1154 2694 sine

301 2757 426 2830 magno
443 2731 628 2830 dispendio
638 2757 682 2807 ne
695 2731 808 2807 dicam
822 2756 957 2811 summo
973 2732 1155 2810 dedecore

301 2866 369 2924 tam
401 2849 520 2947 procul
547 2848 592 2922 ab
619 2849 702 2923 urbe
729 2846 875 2925 abfuisti.
907 2850 1034 2922 Verum
1061 2851 1153 2925 enim

257 2998 289 3034 ιο
300 2988 384 3037 vero
402 2966 473 3037 hoc
498 2988 599 3037 unum
625 2980 725 3038 certo
749 2963 850 3054 scito,
877 2987 1061 3062 numquam
1088 2967 1156 3040 ulla

301 3103 406 3154 causa
424 3078 509 3153 meis
525 3078 646 3153 litteris
661 3078 708 3153 de
726 3103 782 3152 me
800 3077 860 3152 tibi
886 3103 985 3177 spem
1010 3078 1156 3180 ademp

301 3210 420 3269 turam.
442 3196 502 3267 De
519 3194 738 3292 profectione
754 3211 868 3269 autem
887 3212 947 3269 tua
962 3193 1006 3269 ad
1034 3198 1154 3270 urbem

300 3309 372 3385 sive
381 3308 721 3409 expeditione,quam
732 3308 1158 3410 anxiefestinas‚quotiens

348 3577 570 3644 (rrjmagniaonu
589 3577 620 3631 C
655 3576 914 3643 (roquotiesutc
