2820 4680
724 581 777 641 372

315 732 474 811 Corrumpi
490 732 567 792 haud
585 732 688 813 potuit.
709 731 837 793 Blandiri
855 743 946 792 mater
960 732 1060 791 amicis

314 829 444 889 Vocibus
458 829 534 889 hanc
548 830 653 910 coepit:
670 829 784 903 Debes,
804 847 869 889 mea
881 829 945 904 filia,
963 830 1075 903 dicens,

256 937 302 984 reo
318 927 356 987 Et
371 926 443 1007 patri
458 937 488 986 et
503 928 584 987 matri
601 937 714 987 naturae
729 926 793 1007 lege
810 938 943 1008 nepotes,

315 1024 631 1103 commemoransque,
658 1023 766 1104 quibus
780 1042 874 1104 genus
889 1024 1042 1103 insignitur
1062 1025 1175 1097 amicis,

316 1121 395 1183 Cum
407 1139 534 1200 generos
548 1123 703 1202 socerique
720 1133 824 1203 petunt
839 1122 1029 1201 dominaeque
1045 1123 1176 1183 maritos.

318 1216 411 1281 Unde
426 1217 464 1292 fit,
484 1230 516 1279 ut
531 1217 662 1299 patribus
677 1219 838 1279 reddantur
851 1220 913 1280 iura
927 1231 1046 1280 senatus

318 1316 356 1376 Et
371 1316 472 1396 patriae
486 1316 572 1377 cives.
590 1315 649 1377 Sed
666 1318 755 1377 lsotta
770 1316 827 1376 hoc
842 1316 948 1397 inclyta
963 1328 1085 1377 matrem

256 1427 298 1489 185
317 1413 435 1474 Dimisit
450 1432 585 1474 sermone
600 1432 696 1476 suam:
714 1415 805 1475 Dabo
820 1415 950 1496 pignora,
970 1426 1071 1489 mater,

317 1510 414 1572 Multa
437 1511 487 1570 tibi
502 1522 591 1590 atque
607 1513 688 1592 patri,
709 1512 794 1593 nupsi
810 1530 928 1591 nanque
944 1513 1006 1592 ipsa
1021 1513 1132 1585 marito,

315 1609 417 1689 Quem
441 1627 548 1689 sequar
567 1620 720 1682 aeternum,
739 1629 828 1690 quem
845 1629 904 1671 non
921 1610 1051 1670 mortalia
1066 1613 1182 1691 possint

316 1707 389 1766 Fata
403 1705 471 1766 mihi
486 1724 642 1786 saevusque
657 1707 738 1767 furor
752 1708 882 1788 rapuisse
897 1708 1021 1788 tyranni.

313 1802 377 1864 Sint
387 1804 473 1864 animi
489 1822 554 1864 mea
569 1803 700 1866 membra
715 1805 780 1879 mei,
799 1806 856 1865 sint
870 1805 993 1885 pignora
1006 1805 1074 1864 vitae

257 1931 302 1977 190
317 1902 448 1962 Munera
458 1913 539 1962 certa
554 1920 639 1975 meae,
658 1903 796 1982 quotiens
810 1902 962 1963 virtutibus
978 1914 1043 1962 utar

317 2000 467 2079 Ingenuo:
484 2010 635 2080 praecepta
650 1998 697 2061 dei
712 2012 786 2080 quot
801 2001 829 2060 in
845 2000 917 2060 orbe
932 2000 1050 2073 tenebo,

317 2097 373 2157 Me
383 2097 490 2157 totiens
505 2098 655 2178 peperisse
672 2110 772 2179 putem
787 2110 830 2159 tot
845 2097 1015 2178 habereque
1028 2109 1119 2159 natos.

315 2194 409 2274 Quod
420 2195 442 2254 si
453 2195 580 2255 mundus
591 2196 679 2256 habet
689 2196 847 2275 quicquam
859 2195 897 2255 de
909 2196 1051 2274 sanguine
1064 2209 1177 2271 nostr0,

316 2292 375 2354 Cui
391 2293 425 2351 sit
440 2311 515 2373 opus
530 2293 647 2367 servire,
666 2294 759 2354 tribus
774 2292 916 2353 ioecunda
930 2293 1058 2354 vocabor

257 2420 299 2469 195
318 2389 502 2469 Pignoribus,
524 2389 627 2451 sratres
643 2390 711 2449 mihi
735 2391 792 2450 sint
814 2402 876 2451 tres
891 2391 1013 2471 pignora
1026 2401 1178 2471 tanquam.

314 2487 395 2548 Alter
408 2487 486 2546 enim
502 2488 610 2549 meritis
625 2489 769 2548 Antonius
787 2487 911 2568 inclytus
926 2488 1003 2568 ipsis,

314 2583 395 2645 Alter
408 2584 448 2644 ob
462 2584 589 2645 officium
605 2586 672 2645 vitae
687 2586 855 2666 ingeniique
870 2585 1010 2646 decorem

317 2683 384 2742 lure
400 2681 573 2743 Leonardus
586 2683 700 2744 cunctis
715 2682 910 2743 memorabilis
925 2683 991 2756 oris,

318 2780 434 2842 Militiae
448 2780 568 2860 insignis
581 2780 670 2842 titulis
683 2792 801 2842 auratus
817 2793 942 2862 uterque

257 2910 303 2946 200
319 2880 372 2940 Est
382 2897 485 2958 eques.
505 2878 686 2959 illustrisque
702 2879 763 2960 pari
780 2879 947 2940 Ludovicus
962 2879 1075 2940 honore

319 2978 372 3037 Est
386 2995 469 3036 meus
483 2976 512 3036 in
527 2976 626 3056 primis
640 2987 748 3037 cuncta
761 2976 837 3037 inter
851 2976 938 3037 saecla
953 2977 1077 3037 futurus.

316 3074 472 3154 Quidquid
484 3092 577 3153 agam,
597 3074 665 3134 mihi
682 3085 766 3135 natus
780 3074 835 3157 erit
848 3074 1013 3135 carissimus
1029 3073 1116 3149 ultro;

319 3171 379 3231 Hic
395 3189 493 3251 neque
508 3170 614 3232 iustitia
629 3171 724 3231 minor
737 3183 782 3232 est
797 3190 853 3232 nec
875 3183 974 3232 mente
997 3190 1053 3231 nec
1068 3191 1122 3231 usu

319 3269 477 3329 Humanus
491 3269 586 3329 minus
600 3280 653 3342 est,
672 3287 759 3348 quam
775 3270 797 3329 si
813 3288 902 3349 quem
919 3269 1012 3350 prisca
1028 3268 1181 3330 dederunt

365 3534 431 3600 (195)
447 3543 506 3585 sunt
520 3536 548 3583 V.
583 3533 650 3599 (197)
665 3534 791 3584 decorum
813 3536 840 3583 V.
