2820 4680
599 604 650 681 163

194 773 302 845 amavi
330 790 364 845 ut
391 789 532 868 patrem,
553 773 643 846 colui
662 790 698 845 ut
715 773 901 855 dominum,
920 790 956 847 et
973 774 1047 847 leli-

193 887 364 963 cissimum
392 913 530 985 semper
555 889 682 987 optavi,
702 914 780 962 cum
801 891 1045 963 exmultorum

193 1003 359 1077 relatione
386 1004 521 1101 tuisque
540 1004 696 1102 piissimis
713 1004 849 1101 scriptis
868 1003 1046 1079 intellexe-

194 1119 265 1208 rim,
290 1137 324 1192 te
343 1145 407 1217 pro
424 1119 520 1193 obitu
540 1119 725 1193 dulcissimi
745 1120 836 1192 lilioli
855 1120 902 1193 tui
920 1120 1045 1194 Valerii

195 1235 225 1308 in
257 1236 378 1309 dolore
404 1260 447 1308 ac
475 1260 627 1309 moerore
654 1238 757 1332 longe
785 1234 891 1332 magis
916 1259 958 1309 ac
985 1260 1046 1334 par
1078 1266 1087 1315 r

193 1350 1046 1450 estversari,temptaredecrevi,siquarationedo-

193 1469 300 1540 lorem
316 1469 406 1540 hunc
416 1484 521 1557 tuum,
536 1492 608 1564 quo
622 1492 690 1541 non
706 1491 843 1564 possum
858 1465 1044 1540 admodum
1141 1454 1146 1460 ⁸

194 1609 261 1656 non
288 1584 419 1672 dolere,
446 1583 562 1680 aliqua
587 1609 630 1656 ex
658 1600 755 1681 parte
781 1582 888 1656 lenire
906 1603 1044 1680 possem

193 1715 298 1796 teque
317 1699 361 1772 ad
382 1699 547 1772 rationem
568 1723 743 1787 revocare,
764 1723 818 1787 ne,
838 1723 916 1771 curn
936 1697 1046 1772 homi·

192 1839 253 1887 nes
270 1839 396 1902 sumus,
417 1839 512 1887 more
531 1814 718 1911 Gigantum
738 1838 817 1887 cum
836 1813 900 1888 diis
918 1816 1044 1888 bellum
1062 1847 1091 1882 ιο

190 1956 313 2027 gerere
339 1930 523 2004 videamur.
551 1933 685 2005 Vereor
711 1949 835 2015 tamen,
864 1956 907 2004 ne
934 1931 1046 2006 multis

191 2071 376 2144 appaream
391 2047 580 2130 temeraria,
595 2073 675 2144 quae
691 2047 778 2120 inter
791 2062 843 2120 tot
860 2063 1044 2137 oratorum,

193 2180 243 2235 tot
269 2163 550 2261 philosophorum
578 2163 723 2260 agmina,
751 2163 808 2261 qui
836 2180 871 2236 te
888 2164 957 2237 suis
974 2165 1046 2238 ele·

190 2279 394 2375 gantissimis
419 2279 554 2376 scriptis
579 2303 621 2352 ac
647 2278 852 2375 gravissimis
868 2278 1046 2353 sententiis

190 2394 361 2468 consolari
376 2394 491 2468 conati
506 2413 594 2482 sunt,
614 2395 809 2492 procedere
827 2412 863 2467 et
881 2394 912 2467 in
932 2394 1046 2469 media
1063 2426 1088 2469 rt

190 2510 266 2584 acie
306 2511 429 2585 versari
468 2512 623 2585 audeam.
661 2514 786 2585 Verum
824 2513 901 2585 haec
935 2536 955 2585 a
990 2537 1046 2585 me

192 2626 250 2698 tibi
285 2626 495 2700 deditissima
530 2626 683 2699 inornate
718 2626 900 2699 enunciata
931 2626 1044 2701 forsan

192 2742 297 2840 magis
331 2742 587 2816 acerbissimum
628 2744 718 2815 hunc
757 2741 914 2829 dolorem
951 2758 1043 2814 tuum

190 2859 384 2940 emollient,
440 2857 520 2955 quia
563 2882 617 2929 me
660 2881 752 2930 verae
796 2857 895 2930 liliae.
920 2855 1040 2931 officio

191 2974 283 3070 iungi
327 2990 384 3047 tua
422 2971 657 3046 considerabit
695 2971 921 3059 excellentia,
965 2995 1044 3045 cum
1061 3006 1091 3042 ιο

192 3089 365 3164 maluerim
412 3090 457 3164 ab
494 3088 654 3162 omnibus
695 3087 807 3161 audax
853 3104 890 3160 et
936 3087 1045 3186 impu-

189 3205 286 3291 dens,
314 3230 415 3304 quam
442 3229 463 3278 a
489 3220 523 3277 te
550 3202 794 3299 benignissimo
820 3220 917 3301 patre
943 3218 979 3277 et
999 3204 1044 3277 ab

189 3321 240 3395 his
267 3322 325 3419 qui
355 3347 411 3396 me
442 3337 532 3395 tuam
564 3318 837 3393 humanissimam
869 3318 968 3393 liliam
999 3320 1044 3392 ab

235 3506 286 3569 (13)
304 3507 354 3556 tuis
366 3506 396 3557 C.
432 3505 666 3568 (rolemolientc
700 3504 901 3567 (ulabant).
933 3502 982 3567 (19)
1000 3504 1045 3554 lru·

188 3586 334 3636 utillimam?

891 3692 934 3738 ιι·
