2820 4680
545 552 599 632 167

146 742 197 796 ter
210 722 254 798 ad
269 725 395 797 bellum
409 723 639 797 Athenienses
657 723 823 799 incitaret.
846 725 944 799 Miris
963 725 994 798 in

145 842 268 914 caelum
299 839 492 936 meritoque
519 839 664 912 efferunt
689 838 845 915 laudibus
865 843 996 940 Hemy·

145 955 223 1028 lium
250 957 404 1044 Paulum,
424 955 482 1053 qui
501 955 611 1028 victor
630 957 778 1029 Romam
797 954 934 1030 rediens
951 980 995 1029 ex

145 1073 281 1147 duobus
311 1071 386 1144 filiis
413 1096 501 1169 quos
536 1071 599 1145 sibi
634 1089 825 1145 servaverat
858 1071 997 1145 alterius

145 1188 243 1261 sunus
268 1204 423 1285 quartum
443 1187 533 1261 diem
553 1202 634 1260 ante
652 1187 855 1285 triumphum
876 1212 995 1285 prose·
1029 1223 1037 1253 ι

144 1321 243 1378 cutus
269 1320 333 1391 est,
360 1304 502 1376 alterum
530 1302 562 1374 in
580 1327 679 1376 curru
699 1302 891 1400 triumphali
909 1327 994 1376 con·

110 1504 112 1508 ¹
143 1436 300 1517 spectum
334 1435 415 1515 post
450 1418 540 1492 diem
573 1418 707 1491 tertium
739 1417 860 1506 amisit,
892 1440 993 1515 quam

143 1533 371 1609 calamitatem
389 1558 520 1606 summa
533 1532 737 1621 constantia,
749 1557 879 1606 summa
892 1532 993 1605 animi

144 1649 388 1747 magnitudine,
419 1673 552 1722 summo
587 1648 738 1746 denique
765 1648 891 1720 robore
922 1646 995 1720 tulit

143 1765 406 1862 orationemque
432 1763 524 1861 apud
551 1764 716 1861 populum
736 1764 837 1835 talem
856 1761 991 1855 habuit:
1011 1797 1039 1832 ιο

143 1885 233 1955 Cum
261 1880 493 1955 admirabilem
521 1904 719 1953 successum
739 1897 865 1952 nostrae
885 1878 993 1952 selici·

143 1998 229 2087 tatis,
279 1997 445 2097 Quirites,
493 1995 810 2083 animadverterem,
857 2019 995 2092 semper

143 2114 267 2186 veritus
281 2138 366 2199 sum,
386 2137 429 2183 ne
449 2111 685 2209 fortuna,quae
699 2110 873 2209 prosperis
892 2110 994 2183 rebus

143 2228 294 2301 invidere
307 2229 408 2316 solet,
423 2227 500 2300 mali
514 2227 642 2325 aliquid
657 2226 873 2325 rependeret.
894 2228 994 2327 Qua·

142 2362 283 2442 propter
309 2347 423 2416 lovem
450 2343 628 2440 optimum,
660 2346 821 2415 lunonem
842 2341 992 2438 reginam
1010 2375 1035 2423 ις

141 2484 183 2533 ac
207 2460 398 2532 Minervam
413 2475 573 2557 precatus
590 2483 675 2548 sum,
695 2476 729 2530 ut
746 2455 914 2556 quidquid
932 2456 993 2530 ad·

140 2575 228 2649 versi
242 2578 374 2674 populo
386 2577 547 2648 Romano
566 2573 768 2664 immineret,
785 2574 818 2647 id
836 2598 940 2646 omne
959 2572 992 2644 in

143 2708 290 2765 nostram
318 2690 457 2763 domurn
483 2707 736 2764 converterent.
761 2692 879 2788 ltaque
898 2689 992 2761 bono

141 2807 255 2880 animo
284 2825 409 2896 estote,
438 2807 611 2906 Quirites;
639 2831 694 2880 res
719 2805 809 2879 enim
837 2805 928 2878 bene
953 2829 991 2878 se

141 2923 256 3011 habet,
271 2947 347 2996 narn
362 2922 408 2995 dii
424 2922 631 2996 immortales
646 2922 768 2995 nostris
781 2920 869 2993 votis
886 2944 992 2992 annu·
1007 2953 1037 2988 ιο

140 3055 248 3112 erunt.
277 3040 427 3134 Egerunt
453 3037 555 3126 enim,
583 3053 619 3110 ut
636 3061 697 3110 vos
727 3035 841 3135 potius
872 3053 989 3107 nostro

141 3178 221 3228 casu
249 3152 396 3226 doleatis
421 3177 523 3251 quam
550 3178 618 3249 ego
640 3152 754 3248 aliqua
772 3166 883 3224 vestra
898 3151 990 3222 cala·

141 3269 257 3343 mitate
272 3269 543 3367 ingemiscerem.
556 3267 827 3340 -Admirantur
840 3264 942 3338 etiam
958 3264 990 3337 in

187 3455 221 3517 (ς)
236 3454 398 3517 tryumphum
417 3452 446 3502 C
481 3451 515 3515 (6)
531 3452 681 3515 tryumphati
699 3451 729 3501 C
749 3450 798 3513 (1⁶)
815 3457 943 3512 precatus
958 3449 988 3500 C.

140 3534 188 3596 (ιὸ.
210 3536 248 3596 17)
264 3533 337 3583 adusi
355 3533 385 3583 G
420 3532 469 3597 (ιθ)
487 3540 650 3582 converteret
668 3531 698 3582 C.
732 3531 782 3594 (ιι)
800 3544 847 3579 nos
865 3529 894 3579 G
