2820 4680
716 627 771 687 374

320 779 466 860 Incipiunt
480 778 588 839 cuncti.
610 780 687 838 Nam
704 776 774 840 Clio
789 777 858 837 huic
873 777 1012 858 plaudere
1027 778 1124 859 coepit

316 877 415 955 Atque
432 877 523 936 Erato
537 876 663 936 sonitum
679 875 778 935 tribuit
793 874 931 954 clangore
946 874 1093 936 tubarum.

315 972 437 1054 Scripsit
451 972 611 1054 epistolice‚
630 973 707 1052 quali
724 991 782 1032 non
797 972 901 1033 dixero
916 972 980 1052 lege

256 1082 299 1133 ης
314 1070 470 1151 Scripsisse
484 1081 552 1130 ante
567 1070 657 1150 ipsam
672 1069 832 1142 mulierem,
851 1071 873 1130 si
889 1089 948 1149 qua
962 1070 1088 1132 refertur

314 1167 435 1248 Sappho
449 1179 498 1229 aut
515 1167 643 1229 Phoenix
658 1167 794 1227 meliorve
810 1167 838 1226 in
852 1178 940 1246 gente
955 1167 1084 1246 Quirini.

318 1265 397 1325 Haec
411 1277 456 1325 est
470 1264 515 1324 illa
529 1264 658 1344 quidem,
677 1281 746 1344 quae
762 1265 861 1325 mortis
877 1266 967 1325 lsotta
979 1265 1066 1326 virilis

318 1363 388 1423 Non
405 1374 540 1423 metuens
555 1381 668 1423 morsus
681 1364 755 1422 vivet
769 1363 832 1423 sine
849 1363 906 1422 fine
922 1381 977 1423 nec
993 1363 1052 1423 ullo

318 1461 470 1521 Marmore
485 1459 629 1540 pulvereis
643 1460 795 1521 claudetur
808 1460 873 1520 diva
887 1459 1058 1541 sepulchris.

256 1574 302 1621 240
316 1558 399 1638 Quae
413 1558 552 1638 quoniam
569 1569 669 1619 nostro
684 1558 778 1618 luerat
794 1558 929 1619 mirabilis
944 1576 1016 1631 aevo,

318 1655 461 1715 Nondum
476 1673 558 1715 sacra
571 1654 650 1715 videt
663 1655 716 1715 sibi
732 1655 776 1715 vel
791 1657 939 1734 surgentia
953 1655 1071 1736 templa.

316 1752 409 1831 Quod
425 1753 447 1813 si
463 1753 557 1833 prisca
571 1752 634 1813 dies
649 1753 724 1813 hanc
738 1753 908 1833 aspexisset,
928 1753 1040 1813 honore

316 1851 455 1929 Quisque
470 1868 524 1910 suo
539 1862 715 1930 sequeretur
728 1869 793 1911 eam
809 1852 953 1931 fieretque
968 1850 1092 1912 deorum

316 1946 454 2008 Concilio
469 1946 615 2028 adscripta
628 1958 717 2027 atque
733 1949 809 2008 inter
824 1961 975 2010 numerata
989 1961 1129 2030 potentes

256 2063 298 2113 245
316 2043 485 2117 coelicolas,
505 2043 607 2123 quales
621 2045 743 2105 recitant
757 2056 871 2105 cantata
886 2045 975 2106 luisse

315 2141 456 2202 Carmina
469 2143 690 2223 Persephonem
707 2144 929 2224 Daphnemque
943 2144 1075 2224 deasque
1089 2159 1234 2213 vetustas.

318 2239 453 2298 Foemina
468 2256 537 2318 quae
550 2239 610 2300 visa
624 2251 668 2299 est
681 2240 761 2319 virgo
775 2241 918 2320 sprevisse
934 2242 1077 2316 maritum,

315 2335 354 2396 Se
369 2336 480 2396 vovisse
495 2334 575 2396 deo?
590 2336 672 2416 Quae
687 2356 746 2397 non
760 2338 857 2397 vitiata
871 2339 984 2419 tyranni

319 2436 371 2494 Est
387 2432 556 2494 manibusve
573 2435 647 2494 lovis
661 2434 706 2494 vel
721 2434 843 2495 lontibus
861 2436 999 2496 Herculis
1013 2438 1124 2499 armis?

257 2553 302 2601 250
319 2531 459 2611 Prospice
473 2531 612 2591 Latonam
627 2531 671 2592 vel
686 2532 768 2611 quod
782 2533 818 2593 sit
832 2536 969 2613 Agenore
985 2547 1090 2609 natam,

313 2626 435 2688 Arcadis
449 2628 564 2689 immitis
578 2639 699 2688 matrem
713 2628 912 2709 Semelenque
927 2629 1031 2691 relatas

315 2725 360 2786 Ad
375 2743 507 2805 superos,
527 2736 558 2785 ut
573 2725 752 2786 famarefert
766 2739 886 2788 auctore
902 2739 998 2808 poeta.

316 2822 469 2901 Quaelibet
483 2821 593 2883 illarum
609 2823 734 2904 pedibus
748 2825 794 2885 vix
808 2825 930 2905 iungere
944 2827 1075 2886 dextram

319 2919 418 2980 Huius
436 2920 525 2998 digna
539 2938 667 2980 manum.
686 2921 769 3001 Quid
786 2923 876 2982 lsotta
889 2923 955 2984 haec
970 2924 1032 3004 ipsa
1046 2941 1180 2989 meretur

256 3038 298 3091 ²55
320 3018 399 3076 lnter
413 3017 572 3077 honoratos
586 3017 720 3078 homines
734 3019 762 3078 in
778 3020 906 3080 carmine
921 3024 1040 3082 vatum?

317 3115 399 3194 Quae
414 3133 481 3174 cum
495 3115 653 3194 virginibus
667 3128 769 3197 poscat
783 3136 837 3198 pro
853 3137 974 3179 munere
990 3119 1114 3199 palmam

315 3212 413 3292 Atque
428 3214 503 3272 inter
516 3224 596 3274 vates
611 3232 670 3273 non
685 3214 721 3274 sit
735 3225 883 3295 postrema
896 3216 1021 3277 disertos

317 3311 397 3370 lnter
410 3321 440 3369 et
454 3310 628 3372 historicos?
643 3311 725 3390 Quae
740 3313 827 3387 novit,
845 3311 950 3395 sydera
963 3330 1033 3393 quae
1047 3314 1105 3374 sint

361 3575 426 3642 (240)
442 3578 620 3639 Daphnesque
636 3577 699 3626 dees
715 3585 830 3627 vetustus
850 3580 878 3627 V.
