2820 4680
561 595 616 660 441

52 848 53 851 ¹
166 779 367 855 summaque
402 755 471 830 lide
504 775 609 855 atque
646 757 863 831 observantia
905 776 1019 832 tecum

167 888 266 944 certo
292 897 409 970 neque
435 898 539 970 porro
553 874 615 947 abs
632 889 667 947 te
689 873 801 971 patior
826 876 895 948 ullo
914 873 1020 948 modo

167 986 200 1059 in
234 1013 352 1061 amore
388 989 549 1086 superari.
591 992 818 1090 Quapropter
850 989 877 1062 si
907 1014 1019 1081 secus

166 1101 262 1199 quod
281 1102 371 1204 haud
397 1103 499 1177 facile
525 1103 605 1175 mihi
632 1129 769 1201 possum
801 1103 1020 1202 persuadere,

168 1215 213 1291 de
243 1244 298 1291 me
324 1218 505 1309 arbitraris,
541 1243 642 1316 supra
676 1245 777 1317 quam
808 1219 877 1293 dici
905 1236 1021 1318 potest
1051 1248 1061 1302 5

164 1358 259 1431 aegre
285 1336 501 1434 molesteque
519 1335 603 1407 sero.
626 1336 685 1408 De
708 1335 817 1409 sorma
833 1353 946 1409 autem
966 1335 1021 1409 illa

166 1465 233 1522 tam
261 1450 381 1549 insigni
399 1467 503 1549 atque
522 1452 698 1548 praeclara,
726 1476 794 1549 qua
813 1451 859 1525 uti
877 1454 969 1525 soles
987 1451 1019 1524 in

165 1566 387 1664 obsignandis
417 1566 583 1665 epistolis,
616 1567 737 1664 ignoro
773 1567 907 1664 penitus
936 1566 1019 1665 quid

165 1680 298 1772 dicam;
326 1707 404 1756 cum
424 1683 468 1756 ibi
483 1707 565 1756 sane
584 1683 667 1757 mira
684 1700 756 1757 arte
784 1694 947 1779 λατιρικῶς
965 1696 1020 1757 καὶ

164 1809 334 1896 ελληρικως
361 1798 479 1872 incisae
495 1798 561 1872 sint
578 1800 617 1869 Α.
639 1800 686 1870 K.
719 1815 827 1872 utrum
845 1800 889 1871 C.
909 1798 1020 1872 littera
1035 1826 1065 1862 10

165 1931 262 1987 notet
287 1931 391 2012 atque
416 1913 585 2011 significet
611 1913 786 2003 Cornelia,
823 1932 858 1987 ut
886 1914 1018 2005 scribis,
1156 1898 1159 1903 ’

164 2030 236 2103 sive
245 2030 457 2119 Contrarias
469 2029 629 2127 prolecto
642 2054 714 2103 sum
730 2030 855 2103 nescia.
875 2032 1018 2104 Verum-

165 2162 278 2218 tamen
306 2148 374 2218 hoc
400 2171 501 2218 unum
528 2162 626 2218 certo
643 2145 728 2234 scio,
760 2147 883 2219 nullam
915 2170 1018 2243 posse

166 2259 246 2332 mihi
272 2259 462 2356 graviorem
491 2261 553 2332 abs
580 2277 614 2332 te
644 2259 930 2359 acerbioremque
969 2261 1018 2333 in-

165 2374 280 2448 iuriam
295 2374 406 2448 afferri
424 2400 525 2472 quam
545 2375 625 2447 mihi
644 2366 773 2473 probro
798 2393 856 2449 aut
874 2375 1018 2473 ignomi·
1034 2401 1060 2453 15

165 2489 232 2562 niae
252 2489 407 2563 obiicere
433 2507 468 2563 te
493 2492 633 2563 alteram
659 2489 871 2588 splendidius
889 2491 1018 2589 magni-

165 2605 392 2704 ficentiusque
427 2605 460 2677 in
495 2605 628 2679 deliciis
671 2607 810 2696 habene,
846 2632 901 2679 me
935 2631 1017 2680 vero

165 2738 336 2820 tamquam
366 2738 514 2819 spretam
542 2739 578 2794 et
604 2724 733 2819 pulsam
756 2722 1017 2820 quodammodo

165 2837 225 2909 tibi
252 2862 330 2910 esse
367 2836 524 2910 ludibrio.
553 2836 657 2911 Unde
682 2837 772 2911 scito
798 2837 870 2911 lieri
901 2862 1016 2935 posse,

165 2969 200 3024 ut
214 2954 291 3026 haec
305 2969 361 3025 tua
375 2951 519 3041 illustris,
534 2977 636 3050 quam
650 2952 773 3027 merito
783 2952 883 3026 unice
893 2951 1016 3050 diligis,
1031 2980 1063 3017 ιο

164 3092 266 3166 quam
281 3092 490 3165 magnopere
503 3066 631 3158 laudas,
642 3092 722 3167 quae
736 3068 768 3140 in
782 3067 874 3142 omni
887 3091 1017 3165 genere

213 3314 247 3377 (8)
262 3314 406 3378 obligandis
421 3313 451 3363 G
486 3314 518 3377 (9.
538 3314 576 3379 ιο)
593 3313 642 3377 lege
661 3312 790 3373 λατινικῶς
808 3313 848 3365 nol
870 3312 1017 3378 ἑλληνικῶςς

161 3400 206 3458 pn>
224 3393 316 3444 Gracis
335 3396 426 3457 pundo
451 3395 534 3443 exlonl
547 3393 572 3442 ln
588 3393 619 3453 C,
646 3395 670 3442 el
689 3394 740 3442 asic
756 3402 850 3457 puncta
867 3394 891 3441 ln
907 3393 1014 3444 codice·

163 3475 247 3525 adnm.
270 3474 296 3524 in
318 3488 392 3539 mom.
437 3473 487 3537 (ιο)
512 3481 570 3523 sunt
592 3474 622 3523 C
667 3471 717 3535 (11)
738 3486 769 3523 ac
791 3472 822 3522 Ο
865 3473 902 3535 ut]
923 3474 966 3523 ubl
983 3474 1014 3524 Ο

164 3555 215 3620 (12)
231 3555 377 3617 prolectam
397 3554 427 3604 0
