2820 4680
695 546 750 625 ³46

294 716 408 815 gotis,
428 718 521 790 nullo
538 731 643 815 pacto
656 716 763 790 otium
786 715 906 790 litteris
927 713 1153 814 suppeditare

294 831 401 930 potui.
423 834 527 906 Nunc
544 857 628 907 vero
646 857 724 906 eum
743 830 914 930 quandam
938 831 1067 906 illarum
1085 830 1153 904 vir·

294 947 410 1046 ginum
428 946 609 1045 epistolam
637 945 776 1046 quidam
804 945 974 1022 familiaris
1001 944 1083 1019 mihi
1101 947 1153 1018 le-

295 1062 444 1162 gendam
475 1061 662 1152 tradiderit,
695 1062 786 1137 adeo
816 1086 932 1136 earum
967 1060 1156 1136 admiratus

269 1210 279 1263 ς
296 1203 369 1252 sum
389 1177 560 1275 ingenium
578 1193 615 1252 et
631 1177 865 1276 eloquentiam
888 1176 960 1277 pari
985 1176 1155 1276 gravitate

299 1293 529 1384 coniunctam,
545 1311 581 1367 ut
595 1293 741 1391 negotiis
758 1293 917 1367 omnibus
934 1292 1038 1367 flocci
1052 1291 1156 1368 sactis

297 1408 382 1482 meis
400 1426 436 1483 et
449 1409 641 1508 postmissis
658 1409 799 1483 omnino
813 1407 858 1482 de
873 1409 955 1507 ipsis
967 1408 1156 1508 virginibus

297 1525 341 1599 ad
359 1542 394 1599 te
411 1524 564 1599 scribere
583 1523 734 1615 decrevi,
754 1550 834 1623 quae
851 1541 948 1599 tanto
966 1524 1073 1623 magis
1090 1525 1155 1600 ad·

298 1639 461 1714 mirandae
479 1657 556 1713 sunt
573 1656 610 1714 et
628 1638 866 1730 observandae,
885 1657 1015 1738 quanto
1037 1640 1155 1716 fenice

256 1793 285 1829 ιο
299 1759 347 1852 (ut
366 1755 412 1829 ita
429 1753 584 1852 dixerim)
599 1755 743 1830 rariores
757 1755 969 1830 inveniuntur
983 1756 1156 1849 mulieres

301 1896 380 1968 quae
398 1869 517 1944 studiis
535 1895 676 1968 operam
692 1869 895 1969 impertiant
920 1873 970 1944 Ex
983 1873 1063 1946 altae
1077 1874 1157 1946 No-

299 1988 429 2084 garolae
459 1985 596 2059 familiae
622 1985 786 2083 sanguine
817 1986 974 2060 Ginebra
998 2002 1035 2062 et
1063 1991 1158 2063 lsota

301 2100 448 2199 virgines
465 2100 712 2176 venustissimae
729 2101 857 2199 genitae
874 2119 962 2194 sunt,
984 2102 1158 2200 equestris

303 2215 432 2290 ordinis
458 2215 517 2289 viri
544 2216 706 2290 Anthonii
728 2217 950 2316 aNogarolis
969 2243 1154 2317 germnnae.

258 2370 285 2420 ις
304 2335 403 2433 Quas
416 2332 443 2406 si
455 2330 601 2422 videres,
617 2358 685 2405 non
699 2332 804 2406 nostri
818 2332 984 2432 temporis
996 2333 1156 2433 virgines,

303 2446 366 2521 sed
406 2447 532 2521 Dianae
562 2445 675 2521 socias
705 2472 843 2546 prorsus
872 2447 1085 2523 existimares
1114 2474 1157 2523 ac

303 2565 475 2637 Venerem
490 2563 535 2637 ab
561 2563 642 2661 ipsis
668 2561 717 2660 (ut
734 2563 781 2638 ita
807 2562 932 2658 dicam)
959 2563 1158 2664 crepundiis

304 2681 429 2753 lactem
447 2677 498 2753 eis
511 2678 700 2778 praebuisse
714 2678 860 2754 diceres.
880 2680 1157 2758 ltaenimearum

304 2794 409 2885 oculi,
440 2793 581 2884 srontes,
612 2796 732 2886 vultus,
763 2819 835 2884 ora,
866 2795 990 2869 labella
1019 2797 1158 2887 tenella,

261 2954 292 2990 ιο
305 2935 388 2985 nasa
404 2910 619 3009 pulcerrima,
636 2911 800 2984 eburneae
825 2936 953 3000 manus,
980 2911 1073 2986 aurei
1099 2936 1159 2986 ca·

307 3025 379 3124 pilli
399 3043 436 3100 et
461 3043 580 3100 cetera
605 3026 759 3100 membra
784 3026 979 3126 composita
1003 3044 1091 3118 sunt,
1123 3043 1161 3101 ut

308 3141 390 3215 nihil
407 3142 567 3241 pulcrius,
583 3141 663 3215 nihil
678 3143 822 3234 suavius,
837 3143 919 3215 nihil
928 3141 1160 3218 admirabilius

356 3368 390 3433 (ι)
406 3382 470 3420 vero
486 3383 532 3419 om.
544 3370 577 3419 G.
612 3369 783 3435 (ninimirum
800 3371 834 3421 G.
868 3369 902 3435 (6)
916 3371 976 3421 doci
987 3370 1020 3420 G.
1055 3372 1162 3437 (ruim-

309 3451 457 3512 percientur
481 3451 514 3500 G.
549 3450 599 3516 (12)
624 3451 703 3500 Ysotr
723 3452 756 3501 G.
791 3450 840 3515 (14)
857 3452 947 3515 &nene
965 3453 998 3502 G.
1033 3451 1160 3517 (15Jnon]

310 3543 377 3579 nunc
391 3527 429 3579 M.
463 3529 512 3594 (16)
529 3530 613 3593 dyene
630 3530 663 3580 G.
698 3530 746 3595 (ιο)
762 3544 823 3580 vase
837 3532 905 3594 pulc„
923 3531 1032 3580 eburnei
1047 3531 1080 3581 G.
