2820 4680
802 598 856 659 166

401 766 483 842 ideo
507 769 733 843 omittendum
760 768 910 859 duxisse,
932 770 995 844 sed
1014 770 1251 845 tantummodo

401 906 564 957 coronam
579 882 759 983 deponere
774 884 876 958 luisse
889 901 1101 975 contentum,
1120 905 1156 959 et
1173 911 1251 984 per-

401 1016 592 1089 cunctatus,
611 998 871 1098 quonammodo
889 1000 1085 1088 accidisset,
1105 1019 1140 1073 ut
1157 1001 1253 1075 audi-

400 1114 458 1206 vit,
497 1114 680 1190 fortissime
711 1134 930 1214 pugnantem,
966 1115 1112 1190 eandem
1147 1117 1250 1215 capiti

374 1265 383 1314 ς
401 1232 610 1331 reposuisse,
626 1231 762 1304 numina
776 1231 899 1329 quibus
917 1231 1131 1307 sacrificabat
1149 1251 1251 1307 testa·

401 1366 481 1439 tum,
510 1347 673 1422 maiorem
700 1372 738 1420 se
761 1372 804 1419 ex
824 1347 945 1420 virtute
965 1347 1021 1420 filii
1041 1351 1249 1446 voluptatem

400 1490 502 1564 quarn
529 1489 572 1538 ex
600 1481 711 1538 morte
728 1463 986 1538 amaritudinem
1004 1464 1141 1539 sentire.
1164 1467 1250 1538 Lau-

400 1580 482 1654 dant
491 1579 749 1654 Atheniensium
761 1579 951 1677 principem
964 1579 1054 1652 illum
1068 1574 1250 1666 Periclem,

399 1696 496 1771 cuius
510 1697 541 1769 in
560 1696 663 1771 labris
680 1696 812 1770 sedisse
830 1694 1001 1794 quandam
1020 1694 1250 1794 persuadendi

357 1845 385 1881 ιο
399 1811 499 1887 deam
527 1812 650 1901 lerunt,
678 1836 780 1911 quam
805 1812 913 1886 Latini
932 1812 1079 1886 Suadam
1099 1812 1251 1911 appella·

399 1929 491 2018 bant,
517 1929 685 2027 cuiusque
704 1928 849 2002 divinam
869 1927 1101 2026 eloquentiam
1120 1928 1250 2000 tonitri-

399 2044 463 2117 bus
483 2061 519 2118 et
543 2043 730 2141 fulgoribus
752 2043 872 2117 Graeci
899 2043 1026 2117 comici
1048 2068 1250 2141 comparare

398 2183 467 2232 non
506 2159 675 2249 dubitant,
707 2159 793 2234 intra
826 2157 1042 2257 quatriduum
1077 2161 1130 2231 vel
1167 2158 1251 2231 intra

397 2273 589 2362 octiduum,
620 2274 647 2347 si
678 2275 906 2348 Stesimbroto
935 2272 1096 2358 creditur,
1116 2274 1251 2347 duobus

355 2422 380 2470 ις
398 2388 473 2462 filiis
506 2388 797 2477 adolescentibus,
832 2389 1014 2487 Xantippo
1048 2389 1181 2463 scilicet
1215 2406 1250 2462 et

399 2505 534 2595 Paralo,
553 2530 591 2578 se
610 2506 766 2580 orbatum
785 2505 919 2579 vidisse.
939 2504 1061 2578 Amisit
1078 2505 1179 2578 etiam
1199 2505 1249 2578 eis

398 2620 521 2695 diebus
534 2646 687 2695 sororem
705 2621 860 2696 Pericles
873 2638 909 2694 et
922 2621 1053 2695 amicos
1071 2623 1248 2719 quamplu·
1349 2718 1351 2723 .

399 2736 514 2826 rimus,
526 2736 583 2834 qui
595 2736 639 2809 illi
649 2736 828 2835 plurimum
844 2736 875 2808 in
886 2736 1065 2834 republica
1079 2737 1246 2810 favebant.

396 2851 535 2953 Quibus
553 2852 675 2926 diebus
694 2869 787 2926 tanta
798 2852 992 2926 constantia
1006 2852 1108 2925 luisse
1124 2852 1245 2940 serunt,

351 3000 382 3034 ιο
396 2983 432 3040 ut
458 2968 555 3041 nullis
573 2967 720 3041 lacrimis
739 2967 820 3040 lusis
838 2967 1012 3065 pristinum
1032 2969 1157 3039 vultum
1176 2992 1246 3040 ser·

395 3099 499 3172 varet,
511 3083 592 3181 quin
603 3083 706 3157 etiam
717 3083 832 3157 subito
843 3100 921 3181 post
939 3101 1083 3156 mortem
1103 3083 1245 3155 filiorum

394 3214 596 3272 coronatum
632 3224 729 3272 more
760 3198 879 3296 patriae
908 3215 1014 3296 atque
1043 3198 1121 3271 alba
1151 3214 1245 3270 veste

396 3311 548 3387 indutum
562 3313 770 3388 concionem
785 3313 956 3402 habuisse,
975 3337 1044 3411 qua
1061 3315 1244 3386 vehemen-

441 3576 490 3638 (17)
508 3576 618 3626 Peuclas
630 3577 660 3627 G
694 3578 745 3641 (ιο)
755 3579 888 3641 lachrymis
896 3577 926 3628 C.
960 3578 1009 3642 (ιο.
1020 3576 1060 3639 21)
1071 3584 1202 3626 servarent
1212 3576 1242 3626 C.
