2820 4680
668 612 720 680 ³75

267 765 374 825 Fausta
387 766 461 840 viris,
481 765 589 846 rigidus
603 766 674 846 quid
688 766 811 828 denotet
823 785 876 828 ore
890 779 1022 829 cometes

267 861 462 936 Flammifero
481 882 549 924 cum
564 864 638 924 forte
654 865 731 925 ruit?
747 865 829 945 Quae
842 864 926 944 signe
939 875 1073 926 rotentur
1136 871 1182 912 ²⁶0

266 959 396 1020 Bissenis
409 979 463 1021 cur
476 961 545 1021 bina
559 959 638 1034 locis,
655 971 685 1021 et
700 960 787 1022 fratre
802 958 898 1041 puelle

267 1057 430 1118 Proximior
451 1058 536 1119 terris
550 1057 635 1119 citius
648 1058 777 1119 volvatur
790 1058 819 1119 in
833 1076 928 1119 annos

266 1153 406 1229 Lunares,
424 1167 454 1215 et
470 1158 559 1216 lsotte
572 1167 654 1216 tenet
668 1154 809 1237 preclara
823 1166 970 1217 eteorum

264 1251 384 1313 Cuncta
397 1252 484 1327 videt,
503 1271 572 1333 quae
587 1265 656 1315 sunt
670 1253 759 1315 rebus
772 1253 931 1314 coniuncto
944 1255 1092 1335 supernis:

263 1349 347 1430 Quid
361 1350 436 1412 deus
449 1363 517 1412 ente
530 1352 622 1412 virum
637 1361 715 1412 sator
728 1351 856 1432 optimus
869 1349 915 1410 ille
930 1350 1045 1424 creavit,
1135 1346 1177 1415 ²⁶3

263 1448 346 1528 Quid
361 1448 477 1510 dederit
490 1467 605 1511 servare
619 1448 694 1522 viris,
712 1466 782 1530 quae
795 1447 920 1509 claustra
943 1448 1079 1510 ministris

265 1547 425 1607 Poenarum
439 1547 537 1621 edixit,
556 1564 625 1627 quae
639 1547 675 1607 sit
688 1545 755 1608 datu
768 1545 859 1626 gratie
872 1545 962 1619 iustis,

262 1644 340 1724 Quis
354 1644 429 1706 deus
443 1645 501 1706 hoc
514 1645 640 1724 genitus,
659 1661 728 1725 quae
743 1643 832 1706 rebus
845 1654 931 1717 mete,
951 1643 1017 1723 quis
1031 1642 1114 1704 ordo.

264 1743 379 1803 Munus
394 1743 483 1803 lsottu
497 1752 578 1803 tenet
591 1760 687 1803 rerum
701 1741 812 1802 virtutis
824 1741 942 1822 opimae.

261 1841 345 1921 Quid
361 1841 466 1902 meruit
480 1852 595 1903 nostros
608 1841 684 1901 inter
697 1840 875 1902 sanctissime
888 1837 999 1900 libros?
1133 1854 1179 1901 ²70

264 1940 308 2001 Ut
321 1950 456 2000 cantetur
469 1938 497 1999 ei
511 1957 639 2012 carmen,
658 1937 739 2018 quod
755 1949 841 2011 terre,
859 1936 941 2017 quod
955 1955 1007 1997 aer

263 2038 407 2098 Personet
421 2049 510 2117 etque
526 2037 641 2111 fretum,
659 2036 728 2098 coeli
743 2054 833 2117 super
846 2046 922 2095 estre
937 2035 1054 2095 seratur.

259 2135 296 2194 At
310 2154 370 2215 quo
384 2133 507 2195 consilio
522 2134 575 2194 suit
589 2133 677 2195 haec?
694 2134 775 2194 Num
791 2131 890 2194 dicere
905 2142 1016 2192 tentum

261 2232 312 2292 De
326 2231 405 2292 coelo
418 2232 537 2293 terrisve
552 2233 669 2312 potest?
686 2232 767 2292 Num
782 2230 884 2291 ludere
898 2247 993 2303 versu,

263 2331 287 2389 E
303 2328 437 2390 manibus
450 2329 534 2391 cuius
548 2329 691 2390 reseretur
704 2327 827 2410 epistole
840 2327 955 2389 doctis?
1131 2341 1173 2393 ²75

262 2427 339 2487 Nam
361 2426 442 2487 multi
455 2426 557 2488 dixere
572 2425 644 2505 quid
658 2425 743 2499 bene,
761 2425 855 2505 glorie
867 2442 994 2504 quorum

258 2522 399 2585 Concidit
414 2524 443 2583 in
457 2523 551 2584 dictis.
570 2522 630 2585 Sed
646 2524 737 2585 lsotte
752 2532 784 2583 ut
796 2522 896 2583 dicere
913 2521 1015 2602 coepit,

258 2618 306 2680 Sic
320 2619 418 2680 animo
431 2639 534 2682 vocem
550 2620 664 2682 firmare
678 2631 769 2699 etque
785 2638 837 2681 ora
849 2619 988 2680 ministro.

261 2718 415 2779 ieiunabat
429 2719 507 2779 enim
523 2719 652 2799 vixitque
667 2717 764 2800 puella
778 2717 920 2790 modeste,
944 2794 949 2798 .

262 2815 445 2895 Etgraviter,
466 2815 641 2876 maiornetu
657 2814 931 2897 prudentiepectus
1127 2815 1174 2863 2⁸0

261 2914 360 2974 Huius
374 2913 461 2975 adivit
475 2932 510 2974 ee
524 2932 585 2993 qun
597 2923 771 2994 tempestate
786 2912 888 2973 fuisset

258 3013 379 3073 Viscere
405 3023 537 3073 materno
550 3012 719 3091 ventrisque
733 3009 886 3072 recondite
899 3020 987 3070 tecto.

261 3112 339 3171 Haec
353 3110 452 3190 vigiles
469 3111 555 3171 hores
569 3120 600 3171 et
613 3109 711 3189 iongae
725 3107 835 3170 lumine
849 3107 943 3168 noctis

257 3208 345 3291 Saepe
360 3227 451 3291 super
464 3208 543 3270 libris
557 3208 739 3289 consumpsit
752 3218 783 3268 et
796 3218 861 3268 acte
875 3221 983 3286 sopore

260 3310 493 3388 Nonnumquam
505 3306 608 3369 dextre
618 3305 761 3368 calumum
776 3304 906 3366 tenuisse
921 3312 1037 3386 repertu
1051 3311 1105 3363 est.
1124 3306 1167 3370 285

313 3578 367 3640 260)
385 3584 470 3626 rotent
486 3573 515 3639 (i)
535 3576 563 3623 V.
598 3574 663 3638 (κει)
686 3580 840 3636 tempestate
858 3586 904 3622 om.
929 3571 953 3622 C
969 3583 995 3622 tn
1011 3569 1107 3621 iocum.
