2820 4680
804 575 860 642 354

403 728 545 802 Carmen,
563 737 594 788 et
607 725 707 788 edenti
722 725 898 788 submissum
913 723 1033 788 flumine
1047 743 1163 786 murum

403 827 461 888 Aut
475 823 588 905 apibus,
608 823 697 905 partis
712 834 851 905 repetunt
864 841 932 885 cum
947 821 1068 885 floribus
1082 821 1173 885 ades.

358 942 390 989 ⁶0
405 924 473 984 Nec
487 922 631 984 matutino
644 932 743 983 cantat
755 933 814 983 tam
829 920 916 983 dulce
930 920 986 982 sub
1000 931 1067 983 ortu

403 1020 566 1083 Frondenti
581 1019 749 1101 philomena
762 1019 871 1082 sedens
881 1038 971 1102 super
983 1019 1098 1094 arbore,
1117 1036 1174 1080 nec
1188 1019 1232 1080 sic

400 1120 459 1181 Aut
473 1118 602 1180 moriens
614 1118 718 1199 cignus
731 1118 811 1179 canit
824 1128 875 1179 aut
884 1129 963 1180 tecta
977 1119 1054 1180 inter
1066 1116 1192 1200 yrundo.

400 1216 461 1278 Sed
484 1216 556 1298 quid
579 1217 686 1297 agam?
712 1217 824 1277 Nonne
838 1217 901 1297 ipse
920 1227 1076 1278 canentem
1090 1214 1210 1277 taliade
1224 1233 1259 1277 se

399 1313 559 1396 Ailoquar?
573 1315 611 1376 At
631 1331 679 1376 me
692 1313 749 1376 iam
763 1313 891 1376 demisso
904 1313 1034 1376 carmine
1046 1312 1125 1375 vidit

355 1627 384 1688 ος
439 1606 561 1679 Venisti,
580 1623 663 1688 puer,
681 1605 749 1680 huc,
767 1624 829 1686 quo
843 1625 903 1667 non
918 1606 986 1667 mihi
999 1605 1109 1686 gratior
1121 1605 1202 1681 alter,

400 1706 432 1768 O
446 1703 574 1779 tandem,
593 1715 749 1787 expectate
764 1704 842 1765 mihi.
864 1705 942 1765 Nam
957 1704 1037 1766 solus
1050 1704 1079 1765 in
1095 1703 1200 1765 umbra

401 1805 461 1865 iam
486 1803 600 1884 pridem
625 1804 708 1865 iaceo
729 1813 820 1883 atque
835 1803 882 1864 hic
896 1803 1006 1865 circum
1020 1801 1134 1884 singula
1148 1802 1249 1878 lustro,

398 1900 429 1964 Si
443 1912 554 1983 quate,
574 1914 624 1963 aut
639 1912 770 1962 nostrum
786 1919 903 1983 possein
918 1900 1024 1963 vidisse
1042 1900 1222 1976 Menalcam,

399 2000 489 2081 Quos
503 2000 552 2062 ubi
568 2019 627 2061 non
641 1998 735 2073 video,
754 1998 808 2060 soli
822 1999 873 2061 tibi
888 1999 1026 2074 carmina,
1044 1999 1112 2073 dixi,

354 2126 387 2175 7⁰
397 2096 474 2160 Sunt
485 2098 639 2172 cantanda,
658 2115 741 2180 puer,
759 2096 812 2159 soli
827 2097 878 2159 tibi
892 2097 1021 2160 carmina
1032 2107 1127 2159 canta

715 2273 950 2358 annonam.-

437 2371 540 2434 Audivi
553 2372 674 2434 veniens
687 2384 719 2434 et
731 2393 788 2436 vox
801 2386 852 2436 tua
866 2373 990 2456 perculit
1003 2393 1089 2436 aures

400 2470 439 2530 Et
453 2469 556 2552 procui
571 2469 639 2532 hinc
651 2483 749 2533 astans
763 2483 813 2534 tua
826 2471 956 2534 carmina
968 2484 1076 2534 cuncta
1090 2473 1195 2534 notavi.

436 2745 562 2826 Quasne
576 2745 627 2807 tibi
641 2745 744 2808 laudes
755 2647 953 2809 &figam
968 2748 1059 2810 Musa
1072 2747 1198 2808 mereri?

831 2959 918 3002 mium
929 2962 941 3003 .·

435 3036 522 3116 Quas
544 3048 588 3098 est
612 2941 856 3112 Damettteusfvgm
871 3050 945 3100 teste
964 3037 1122 3100 Palemone
1132 3050 1248 3102 certans

351 3148 379 3201 75
394 3130 530 3193 Alternos
557 3136 664 3196 cecinit
677 3137 822 3198 recubans
836 3137 865 3197 in
878 3137 1010 3217 gramine
1023 3156 1132 3198 versus.

440 3369 490 3433 ((9)
517 3384 575 3421 6616
600 3373 630 3423 G
665 3374 715 3439 (64)
740 3375 780 3424 ian
805 3375 836 3425 G
870 3374 1028 3440 (66)(61666
1046 3376 1077 3427 0
1122 3375 1172 3439 (67)
1197 3377 1246 3427 ctr-

393 3451 513 3583 3305}
530 3451 585 3583 ἔξω
613 3453 696 3503 uidisa
719 3454 750 3505 Ο
790 3454 841 3520 (72)
867 3465 945 3507 conta
969 3457 999 3508 G
1040 3454 1092 3523 (74)
1115 3456 1192 3520 Qins
1212 3456 1243 3509 G
