2820 4680
530 619 569 697 67

124 769 402 868 comprensibilia
417 789 506 857 sunt,
525 772 625 870 pauci
635 770 821 846 admodum
836 797 903 844 non
918 796 974 846 so-

123 887 413 961 lumexcellentes
430 887 492 962 sed
503 888 558 962 vix
569 888 762 962 mediocres
776 886 902 961 medici
921 911 974 960 re-

124 1000 306 1097 periuntur.
323 1001 469 1093 Idcirco,
487 1004 515 1078 si
534 1004 798 1102 potes‚abstine‚
813 1027 898 1078 cave
913 1028 975 1076 no-

122 1141 184 1191 vos
198 1117 387 1216 magistr0S,
398 1119 459 1193 nisi
470 1122 697 1218 Troyanovel
707 1118 975 1193 Gierardoulio-

123 1234 974 1334 rumpericuloipsossimilescertocognoverisffi·
1007 1275 1017 1327 t

124 1374 328 1424 meoeorum
337 1350 582 1426 diversissimas
591 1351 834 1426 contentiones
843 1349 972 1424 audire.

124 1465 328 1566 Quomodo
347 1466 472 1557 credis,
491 1467 536 1541 de
550 1468 643 1556 cibo,
661 1466 758 1564 quod
776 1465 972 1540 facillimum

121 1596 158 1654 et
179 1579 490 1678 frequentissimum
507 1598 571 1672 est,
590 1583 746 1681 litigant?
772 1581 836 1654 Alii
863 1581 973 1678 ipsum

122 1696 220 1771 atteri
242 1714 278 1771 et
295 1697 327 1771 in
346 1714 464 1772 ventre
482 1697 599 1787 condi,
617 1697 672 1772 alii
691 1713 901 1795 putrescere,
919 1694 975 1771 elii

122 1835 185 1909 per
201 1814 352 1887 calorem
370 1814 488 1911 coqui,
510 1813 564 1887 alii
583 1812 723 1887 crudam
746 1811 922 1886 materiam
941 1810 973 1884 in
992 1853 1021 1891 ιο

122 1951 249 2025 corpus
274 1954 378 2003 omne
404 1928 542 2003 deduci.
575 1931 721 2003 Etcum
752 1930 829 2003 haec
855 1951 974 2026 parum

122 2059 293 2135 constent,
311 2069 384 2142 quo
401 2062 506 2141 pacto
524 2044 570 2118 de
587 2043 835 2118 occultioribus
853 2043 975 2117 rarius·

121 2183 190 2256 que
208 2160 487 2259 contingentibus
501 2159 725 2234 iudicabunt?
739 2161 859 2258 Opem
874 2159 975 2259 igitur

123 2274 214 2372 prius
230 2300 251 2349 a
268 2276 400 2373 superis
417 2294 583 2374 exposce,
601 2275 783 2350 verisimile
804 2275 895 2349 enim
921 2291 976 2348 est

121 2407 240 2465 sancta
258 2391 317 2465 tibi
336 2392 460 2466 auxilia
477 2418 546 2466 non
567 2391 726 2466 defutura
750 2408 787 2465 et
812 2389 1017 2482 verisimi·15

123 2505 185 2579 lius
219 2523 253 2581 te
287 2524 430 2605 propter
463 2506 596 2581 divinos
631 2531 745 2581 mores
774 2505 910 2581 servari.
939 2505 973 2580 Si

121 2621 262 2720 quando
279 2638 392 2697 tumen
411 2623 567 2722 corporis
586 2624 713 2697 robora
726 2621 858 2720 quiete,
877 2620 976 2718 cogi·

122 2738 263 2828 tatione,
283 2739 457 2813 nocturnis
471 2738 601 2839 vigilio,
620 2738 752 2813 ieiuniis
771 2737 975 2825 minuuntur;

121 2854 344 2928 saluberrimo
371 2854 461 2928 urbis
487 2870 556 2930 tuae
572 2879 653 2929 aere
679 2853 809 2944 fruaris,
835 2877 915 2950 quae
941 2868 976 2926 te

123 2986 321 3044 nascentem
338 2970 490 3068 excepit,
507 2970 600 3060 aluit,
615 2968 857 3067 complectitur
874 2984 911 3042 et
930 2965 977 3042 ed
991 3012 1023 3048 ιο

121 3085 311 3161 Sibillarum
328 3086 471 3184 gloriam
490 3110 599 3184 usque
619 3109 752 3159 summa
769 3109 846 3159 cum
872 3081 975 3159 laude

122 3200 291 3299 perduxit.
303 3201 338 3277 Si
351 3200 492 3299 quando
503 3201 594 3276 urbis
603 3201 743 3276 taedium
754 3216 859 3290 tenet,
872 3198 977 3274 Poia-

123 3342 201 3391 num
217 3317 297 3391 milri
310 3333 441 3392 aetema
452 3334 489 3391 et
502 3316 747 3393 iocundissima
754 3339 893 3415 semper
902 3340 974 3390 me·

170 3518 204 3581 (ι)
222 3518 407 3569 εκαΙΙιηιίεα
441 3518 477 3582 (6)
488 3518 694 3583 contemptioneu
711 3518 741 3569 t:
775 3519 810 3581 (8)
827 3525 854 3568 et
876 3530 922 3567 om.
943 3516 974 3568 C

122 3599 221 3663 litigent
240 3599 270 3649 G
305 3598 339 3662 (9)
355 3600 433 3650 merri
451 3599 480 3650 G
515 3597 566 3663 (ιο)
583 3598 671 3662 coqui]
692 3611 801 3662 quoque
818 3597 848 3648 C.

841 3706 868 3766 ς.
