2820 4680
658 592 708 642 l2l

254 751 468 850 respondere
484 777 552 826 non
562 750 717 838 sufficio;
732 751 759 825 si
773 774 876 825 secus
886 749 1018 839 secero,
1028 774 1107 824 curn

255 868 420 942 rationem
442 866 660 957 intellexeris,
679 866 862 940 amicitiam
882 882 1030 940 nostram
1047 866 1109 941 lte«

254 1007 325 1058 sam
352 1008 431 1057 csse
454 1008 522 1055 non
539 981 750 1056 existimabis
767 999 804 1056 et
820 1006 884 1078 pro
902 1005 1035 1055 summa
1052 997 1110 1055 tua

254 1098 422 1195 sapientia
435 1097 584 1172 animum
599 1115 691 1171 tuum
701 1097 831 1188 vinces,
847 1116 882 1171 tu
897 1123 976 1195 quae
991 1113 1109 1171 cetera

254 1215 371 1288 vincis.
390 1215 425 1288 Si
443 1232 557 1289 tamen
575 1214 687 1288 verbis
701 1214 766 1289 tuis
783 1213 975 1304 crederem,
990 1213 1110 1288 relicta
1142 1246 1150 1293 s

255 1331 442 1428 provincia,
459 1333 553 1421 urbe,
574 1330 770 1428 magistratu
783 1329 827 1403 ad
838 1354 899 1403 vos
911 1329 1107 1403 advolarem

257 1473 322 1522 nec
340 1473 476 1521 vererer
493 1472 537 1520 ex
556 1446 780 1520 contentione
803 1445 1006 1535 inimicitias,
1021 1471 1109 1542 quo-

257 1564 345 1637 niam
363 1564 390 1637 si
405 1563 437 1635 in
452 1588 622 1637 armorum
632 1561 886 1650 certaminibus,
898 1561 930 1633 in
939 1560 1108 1659 gladiato·

257 1679 308 1753 rio
327 1678 409 1753 ludo
425 1680 483 1777 qui
503 1679 594 1752 ferro
604 1678 690 1750 inter
699 1702 737 1751 se
747 1692 899 1774 pugnant
909 1675 1109 1750 benivolen-

257 1795 335 1868 tiam
354 1819 422 1867 non
440 1793 607 1882 amittunt,
626 1810 757 1890 quanto
776 1790 881 1889 magis
900 1790 933 1864 id
952 1815 1029 1865 esse
1047 1789 1109 1864 de·
1126 1825 1155 1860 ιο

257 1913 316 1984 bet
333 1910 365 1982 in
384 1909 626 1984 certaminibus
639 1909 835 1996 litterarum,
851 1907 883 1979 in
902 1907 1025 2004 quibus
1040 1933 1108 1980 non

257 2026 347 2099 lerro
364 2024 427 2099 sed
446 2025 584 2122 ingenio
602 2024 792 2098 dimicatur.
823 2025 902 2096 Nec
921 2022 1062 2113 mireris,
1080 2025 1107 2096 si

256 2141 396 2239 quando
414 2144 589 2215 locuturus
606 2167 679 2215 sum
700 2166 832 2240 magna,
852 2141 886 2216 id
913 2168 981 2215 non
1000 2142 1108 2215 liben-

256 2276 308 2331 ter
337 2259 453 2332 lacere
483 2260 582 2331 soleo
613 2258 645 2330 in
677 2258 901 2332 multitudine.
930 2257 1108 2360 Quoniam

256 2373 344 2447 sicut
361 2373 502 2447 difficile
520 2391 572 2447 est
590 2373 755 2448 citharam
779 2377 955 2447 multarum
975 2374 1151 2472 ignota-15

256 2514 327 2561 rum
345 2488 527 2562 cordarum
559 2488 659 2562 serire
679 2505 713 2562 et
730 2515 818 2563 sono
840 2489 1020 2564 audientes
1038 2514 1107 2562 non

256 2603 397 2694 laedere,
426 2604 477 2678 sic
504 2604 612 2678 lerme
647 2605 857 2702 impossibile
887 2621 941 2678 est
971 2604 1108 2678 laudate

257 2720 343 2793 inter
362 2720 437 2794 illos
454 2719 585 2809 dicere,
604 2720 661 2816 qui
684 2738 799 2809 aetate,
816 2719 1037 2809 institutione,
1049 2744 1109 2792 vo-

256 2835 298 2908 tis
315 2835 396 2909 varii
415 2852 501 2909 sunt.
522 2834 694 2909 ludicatur
711 2835 800 2909 enim
820 2838 1026 2933 plerumque
1041 2860 1108 2908 non

256 2974 300 3023 ex
317 2949 464 3024 dicentis
483 2952 625 3039 ratione,
644 2950 706 3024 sed
729 2977 773 3025 ex
799 2950 970 3024 audientis
995 2975 1107 3024 sensu.
1126 2986 1156 3021 20

256 3066 291 3139 si
317 3065 401 3163 quid
431 3084 544 3139 tamen
575 3065 703 3140 certius
733 3065 982 3155 deliberavero,
1010 3066 1109 3140 vobis

258 3200 374 3255 notum
394 3182 535 3271 faciam,
556 3201 590 3255 tu
609 3182 722 3272 etiam,
742 3182 769 3255 si
789 3182 821 3255 in
840 3182 1010 3256 sententia
1031 3207 1109 3280 per-

258 3321 386 3386 manes,
400 3296 445 3371 de
468 3297 526 3371 lite
545 3313 659 3371 nostra
680 3297 768 3371 sicut
781 3296 945 3394 scripsisti
963 3296 1108 3396 agenda,

228 3571 231 3576 '
305 3562 338 3625 (ς)
354 3562 489 3612 crederem
507 3563 537 3612 G
572 3563 605 3626 (ὁ)
622 3562 654 3612 ad
673 3576 719 3612 nos
737 3562 766 3613 C.
801 3564 850 3627 (υ)
867 3564 1020 3624 loquuturus
1038 3560 1068 3611 C.
