2820 4680
705 575 761 638 ³³0

306 755 383 804 num
398 752 515 826 regem
532 729 673 801 Persem
688 727 859 826 captivum
869 725 995 802 adduci
1009 726 1072 802 sibi
1087 752 1156 801 non

305 869 424 942 passus
449 860 513 934 est,
547 842 580 916 ei
614 844 822 918 ornamentis
851 843 970 941 populi
1005 843 1156 918 Romani

303 958 442 1056 insignis
458 958 610 1032 occurrit
622 982 664 1031 ac
679 958 769 1033 illum
785 983 910 1056 magno
929 983 1007 1032 cum
1021 958 1156 1033 honore

303 1071 336 1146 in
354 1075 608 1148 tabernaculum
634 1071 763 1147 dextris
788 1073 981 1147 coniunctis
1010 1073 1159 1148 comiter

276 1220 286 1273 t
303 1188 489 1264 introduxit
503 1212 569 1263 nec
583 1190 749 1263 honorem
768 1189 801 1262 in
819 1212 857 1263 se
882 1188 1021 1287 dignum
1039 1188 1157 1263 existi-

303 1305 414 1380 mavit.
447 1304 558 1406 Quod
585 1329 662 1378 cum
682 1303 728 1378 ita
752 1304 806 1394 sit,
825 1331 894 1378 non
921 1304 1053 1394 dubito,
1072 1305 1155 1403 quin

302 1446 413 1496 meum
433 1422 502 1494 hoc
519 1445 601 1493 sane
626 1418 948 1517 reprehendendum
975 1419 1154 1495 eonsilium

301 1554 358 1611 tua
371 1536 431 1610 tibi
445 1535 609 1609 comitate
618 1533 803 1609 iocundum
814 1536 971 1633 praebeas
984 1560 1027 1611 tc
1038 1535 1156 1611 omnia

300 1654 345 1726 ab
357 1651 491 1750 optimo
504 1650 618 1724 animo
632 1667 668 1723 et
680 1649 775 1724 dicta
787 1667 823 1723 et
835 1651 987 1748 cogitata
1001 1651 1061 1725 tibi
1076 1676 1155 1749 per-

257 1803 287 1838 ιο
299 1768 454 1843 suadeas.
484 1768 600 1840 Laetor
625 1766 751 1839 etenim
787 1791 998 1865 magnopere
1020 1785 1055 1842 te
1081 1784 1155 1842 tan-

300 1901 367 1958 tam
385 1883 583 1982 opinionem
598 1880 757 1957 omnibus
770 1882 933 1974 attulisse,
960 1884 1043 1958 utin
1058 1900 1153 1959 tuum

299 2025 426 2074 nomen
443 2016 547 2096 atque
565 1997 598 2071 in
616 2015 651 2071 te
668 1998 778 2071 solum
796 2023 834 2072 se
864 2015 937 2073 tote
962 1999 1155 2075 committat

298 2115 417 2190 civitas
431 2130 556 2203 nostra,
567 2137 645 2190 cum
664 2112 760 2188 tend
778 2115 870 2189 clara
882 2131 919 2188 et
935 2114 1155 2190 excellentis-

298 2228 383 2304 sima
408 2228 623 2303 humanitatis
648 2227 760 2303 studia
789 2228 924 2326 penitus
954 2229 1151 2305 contuleris.

257 2381 282 2433 ις
300 2343 472 2442 Multique
498 2342 589 2418 adeo
615 2360 651 2417 te
677 2343 710 2416 in
736 2343 788 2417 his
817 2343 1002 2419 litterarum
1032 2344 1153 2419 studiis

298 2461 496 2558 flagrantem
523 2457 724 2557 praedicant,
743 2476 779 2533 ut
804 2458 886 2533 illud
908 2459 1002 2534 Galli
1019 2483 1154 2557 cogno·

299 2601 378 2650 men
395 2574 456 2649 tibi
473 2574 537 2649 soli
555 2574 762 2665 concedant,
782 2574 839 2672 qui
854 2574 887 2647 in
900 2573 1015 2650 studio
1033 2574 1153 2650 deme-

298 2690 405 2766 tiendi
419 2689 496 2765 caeli
514 2708 619 2788 atque
637 2708 737 2765 terrae
751 2714 853 2788 paene
867 2689 953 2765 mori
962 2690 1152 2783 videbatur,

298 2830 401 2906 quem
436 2830 677 2905 saepenumero
701 2805 830 2904 aliquid
864 2824 969 2881 noctu
1000 2806 1153 2882 scribere

254 2959 286 2995 ιο
298 2947 494 3021 aggressum
512 2946 644 3012 aurora,
662 2939 699 2996 et
716 2946 796 3010 nox,
810 2945 889 2996 cum
903 2947 1003 2997 mane
1020 2922 1153 3022 coepis-

297 3056 362 3129 set,
388 3036 571 3138 oppressit,
599 3055 704 3137 teque
730 3063 799 3112 non
823 3041 932 3113 solum
960 3040 1098 3113 Gallum
1118 3038 1153 3114 in

296 3154 480 3228 litterarum
507 3151 669 3227 incendio
682 3152 814 3244 imitari,
827 3179 943 3228 verum
956 3153 1059 3228 etiam
1076 3180 1152 3229 om-

299 3268 397 3344 nibus
414 3268 597 3359 veteribus,
615 3294 761 3367 quorum
782 3269 961 3369 sopientiae
978 3269 1050 3346 sitis
1066 3296 1153 3345 nun·

344 3453 378 3517 (ι)
393 3453 494 3516 pessus]
510 3453 667 3503 eonetumG
700 3452 734 3517 (4)
748 3453 957 3503 communiterc
992 3452 1040 3515 (ις.
1054 3453 1091 3518 ¹4)
1109 3467 1152 3503 ex·

299 3533 468 3582 celentissimn
483 3532 512 3580 C.
555 3531 604 3595 (ιο)
623 3533 762 3596 ingressum
780 3532 809 3582 C
845 3530 893 3596 (n)
911 3531 1025 3581 immitari
1039 3532 1069 3583 G
