2820 4680
698 570 755 625 432

300 722 464 819 virginum
484 740 573 795 caetu
593 738 699 821 utque
719 748 761 795 ne
787 721 1016 820 relinquerem
1039 719 1092 794 eis
1109 717 1160 794 de

302 864 356 911 me
374 837 592 912 obtrectandi
616 840 742 929 locum,
768 840 932 911 sacellum
959 836 1162 934 augustissi-

301 978 391 1026 mum
415 953 776 1050 religiosissimumque
801 979 874 1028 sum
906 953 1069 1050 ingressa,
1092 951 1162 1026 sed

301 1069 467 1143 continuo
477 1094 586 1168 usque
603 1068 696 1142 adeo
714 1069 834 1143 invasit
850 1086 955 1166 atque
969 1067 1163 1166 occupavit

274 1209 356 1286 5me
374 1183 475 1258 dolor
491 1183 821 1274 vehementissimus
840 1181 935 1281 quod
950 1182 1068 1255 lacere
1087 1208 1163 1255 non

301 1300 409 1398 potui,
441 1300 575 1373 omissis
600 1300 760 1374 omnibus
788 1298 915 1372 ibidem
942 1323 986 1371 ne
1013 1323 1070 1371 me
1095 1323 1164 1396 ge-

302 1433 451 1489 mentem
469 1440 512 1489 ac
532 1415 785 1489 illacrimantem
810 1415 1029 1503 intuerentur,
1049 1440 1163 1512 quum

301 1556 412 1604 meme
437 1531 550 1604 statim
579 1533 687 1603 solam
715 1547 873 1603 moestam
908 1554 950 1603 ac
977 1530 1163 1626 lugubrem

302 1648 333 1720 in
352 1646 504 1721 abditum
516 1664 866 1745 concameratumque
884 1649 998 1720 locum
1017 1646 1164 1744 recipe-

259 1788 382 1850 10rem.
415 1763 497 1853 Ubi,
517 1762 619 1836 deum
643 1778 761 1851 testor,
790 1787 904 1861 neque
930 1761 1011 1834 cibo
1039 1786 1164 1860 neque

300 1880 380 1953 vino
407 1882 529 1953 hausto
555 1879 682 1952 tristior
708 1880 800 1951 nullo
823 1893 928 1976 pacto
946 1878 990 1950 ab
1007 1901 1051 1949 ea
1069 1878 1165 1952 hora

300 1994 443 2091 (abierat
455 1995 545 2068 enim
562 1994 672 2090 mane)
696 2019 805 2092 usque
819 1993 863 2066 ad
877 2011 1067 2067 extremum
1084 1992 1163 2069 diei

300 2112 395 2210 potui
423 2137 478 2184 me
508 2112 553 2184 ab
582 2110 806 2184 acerbissimo
837 2112 928 2183 luctu
960 2108 1162 2184 continere.

301 2229 519 2325 Repetebam
539 2226 630 2299 enim
649 2251 783 2299 mecum
799 2225 964 2299 memoria
976 2242 1084 2324 atque
1103 2251 1165 2299 re·

257 2394 282 2445 15
299 2342 502 2417 cordatione
520 2367 725 2439 congressus
743 2358 831 2432 tuos,
846 2343 966 2431 victus,
982 2340 1166 2416 iucundis-

299 2460 415 2533 simam
448 2458 745 2548 consuetudinem,
781 2483 895 2531 mores
925 2456 1163 2552 suavissimos

300 2593 476 2673 postremo
486 2574 706 2649 doctissimos
716 2572 1070 2671 prudentissimosque
1084 2598 1165 2648 ser-

300 2716 430 2779 mones,
445 2691 570 2789 quibus
583 2716 663 2786 ego,
679 2707 714 2763 ut
730 2715 798 2762 non
812 2706 847 2762 te
862 2689 956 2786 fugit,
972 2704 1165 2786 tantopere

298 2807 467 2881 delector.
496 2806 594 2908 Quid
620 2805 732 2879 dicam
761 2804 806 2878 de
832 2829 963 2879 summa
987 2803 1164 2901 gravitate

255 2972 285 3008 20
298 2948 376 2996 cum
396 2922 553 3019 singulari
572 2921 737 2994 comitate
752 2920 938 2995 coniuncta
954 2934 1060 3016 atque
1078 2945 1164 2994 om-

299 3038 389 3112 nium
431 3037 558 3111 iudicio
592 3055 629 3110 et
659 3036 828 3110 sententia
858 3060 942 3135 pura
977 3050 1013 3107 et
1039 3033 1164 3109 incor-

298 3170 397 3252 rupta
410 3153 558 3253 quadam
583 3153 714 3227 Latinae
732 3153 858 3250 linguae
875 3150 1051 3240 suavitate,
1071 3178 1162 3250 quae

298 3269 439 3368 quidem
458 3269 618 3343 facillime
632 3269 782 3368 perspici
795 3294 840 3342 ex
853 3265 988 3364 scriptis
1005 3265 1072 3339 tuis
1091 3293 1165 3367 po-

298 3402 375 3461 test.
392 3385 491 3487 Quid
512 3384 559 3460 de
576 3410 664 3460 sono
685 3385 793 3476 vocis,
808 3384 854 3459 de
871 3383 1025 3457 claritate
1046 3400 1164 3484 atque

254 3550 282 3604 ,3
298 3503 464 3577 suavitate
490 3500 773 3602 iucunditateque
799 3497 1081 3602 appellandarum
1101 3501 1164 3578 lit-
