2814 5116
572 990 627 1052 Ι99

169 1143 276 1217 minus
303 1160 441 1240 peccat,
460 1160 495 1216 ut
514 1168 599 1240 puer
616 1168 711 1234 sene,
730 1144 875 1218 rusticus
892 1145 1017 1234 nobili;

168 1260 211 1333 ad
229 1284 333 1357 quem
351 1260 549 1333 salvandum
569 1287 636 1333 non
655 1260 809 1358 expedit,
825 1279 859 1333 ut
877 1285 920 1334 ea
932 1262 1019 1336 sciat

168 1401 247 1472 quae
266 1376 437 1471 pertinent
455 1376 498 1449 ad
517 1378 659 1450 salutern
678 1377 853 1474 explicite,
871 1376 934 1451 sed
956 1377 1026 1452 im·-

170 1491 297 1586 plicite,
315 1491 396 1587 quia
424 1495 498 1564 sola
529 1491 614 1564 fides
648 1493 792 1578 sufficit;
828 1493 900 1590 pari
927 1493 1018 1566 enim

167 1631 285 1702 gressu
312 1608 398 1680 ratio
425 1608 663 1682 inconstantiae
681 1608 851 1704 procedit.
880 1610 1018 1683 Etcum
1050 1638 1072 1689 s·

168 1721 309 1795 dicitur:
341 1726 399 1796 De
426 1724 654 1797 inconstantia
676 1749 759 1797 vero
786 1724 1019 1821 procedentes

168 1839 389 1933 operationes
407 1839 700 1935 vituperabiliores
718 1857 806 1928 sunt,
826 1839 1019 1937 intelligitur

168 1953 213 2026 de
239 1955 478 2042 inconstantia,
496 1980 577 2051 quae
595 1980 663 2028 non
682 1973 735 2029 est
751 1955 942 2028 secundum
961 1980 1020 2031 na·

169 2089 287 2158 turam,
301 2069 364 2143 sed
378 2070 567 2145 secundum
582 2096 697 2144 mores
710 2088 746 2144 et
759 2071 849 2144 vitia
861 2070 1020 2145 Similiter

168 2185 213 2258 de
232 2185 513 2281 imperfectione;
533 2210 611 2259 curn
630 2187 720 2259 enim
735 2203 902 2284 augentur
915 2185 1018 2275 dona,
1036 2218 1065 2254 ιο

169 2302 317 2374 rationes
358 2302 462 2375 etiam
497 2320 657 2376 crescunt
691 2301 871 2375 donorum.
919 2305 1020 2376 Deus

167 2443 271 2512 quum
304 2417 475 2490 hominem
510 2418 649 2509 creavit,
684 2420 728 2491 ab
762 2418 857 2491 initio
891 2417 1020 2490 creavit

170 2532 258 2602 illum
303 2531 494 2628 perlectum
525 2550 561 2604 et
591 2532 714 2606 animae
743 2532 816 2606 eius
848 2531 1020 2629 potentias

170 2647 352 2742 perlectas,
379 2667 414 2720 et
441 2648 537 2721 dedit
562 2649 594 2721 ei
618 2649 781 2721 maiorem
800 2647 950 2721 veritatis
966 2671 1018 2721 ra·

168 2762 296 2835 tionem
331 2780 366 2836 et
400 2764 647 2861 cognitionem,
674 2764 837 2838 maiorem
876 2786 1019 2860 quoque
1036 2793 1062 2845 ις

168 2877 347 2973 sapientiae
393 2878 672 2975 prolanditatem,
708 2880 754 2953 ita
784 2897 819 2952 ut
861 2878 1019 2952 dominus

168 2992 358 3066 adduceret
384 3011 510 3068 cuncta
535 2995 718 3068 animantia
742 3013 843 3068 terrae
869 3011 904 3067 et
924 2995 1019 3067 vola·

170 3109 238 3183 tilia
268 3110 344 3184 caeli
375 3110 418 3183 ad
441 3110 561 3198 Adam,
590 3127 626 3183 ut
655 3135 698 3183 ea
727 3111 795 3183 suis
826 3109 1019 3182 nominibus

217 3381 250 3444 (1)
266 3383 361 3432 rustico
379 3383 471 3431 nobitis
490 3383 520 3432 0
554 3383 588 3445 (a)
606 3384 685 3433 sciant
702 3383 851 3434 C.sciatea
867 3384 895 3431 l..
929 3381 1020 3444 (alex-
1130 3370 1134 3385 ⁴

170 3462 247 3521 plicio
263 3464 290 3510 l..
316 3463 363 3511 sed
388 3464 456 3524 impl.
480 3476 526 3511 om.
544 3466 571 3512 1..
607 3462 641 3526 (4)
658 3466 713 3513 sola
728 3463 754 3512 ιἰι
763 3462 815 3527 fine
831 3475 909 3512 venus
922 3475 969 3531 ont²
988 3461 1018 3511 (ζ

170 3543 202 3603 (4.
217 3540 237 3603 ς)
255 3543 308 3603 pari
326 3555 415 3604 gressu
426 3543 545 3604 procedit
555 3543 619 3592 ratio
637 3545 660 3591 in
673 3544 838 3592 inconstantia
849 3544 875 3589 L.
911 3540 945 3603 (6)
957 3553 1020 3589 vero

170 3623 196 3679 L,
224 3636 273 3671 nec
296 3624 324 3681 E,
352 3636 401 3671 non
427 3623 456 3671 C.
492 3625 542 3686 (ιο)
564 3637 621 3672 cum
646 3625 722 3685 enim}
748 3624 811 3672 ratio
834 3623 895 3683 quia
916 3633 975 3670 cum
991 3621 1019 3667 l..

170 3701 219 3764 (ιι)
236 3703 367 3750 atiamom.
382 3703 412 3751 C.
446 3702 495 3763 (ιι.
510 3704 548 3766 ιι)
562 3705 635 3752 Deus
646 3705 712 3753 enim
729 3703 833 3766 quando
850 3715 886 3750 cr.
905 3702 972 3749 hom.
991 3700 1019 3747 l..

170 3784 218 3845 (ι4.
237 3784 274 3846 ις)
296 3784 319 3832 ei
343 3798 375 3832 m.
401 3784 523 3834 rationem
540 3793 567 3833 et
583 3786 696 3834 veritatis
712 3785 885 3848 cognitionem
901 3788 928 3830 et
943 3781 1022 3829 maio·

171 3877 228 3912 rem
239 3877 277 3926 pr.
296 3865 427 3925 sapientiae
446 3867 473 3912 l..
514 3867 564 3925 (ιο)
583 3866 684 3914 Domini
701 3867 729 3914 l..
770 3865 819 3929 (ιθ)
838 3874 864 3914 ut
878 3868 1023 3925 appeltaret

170 3944 313 3992 nominibus
329 3945 381 3992 suis
398 3945 424 3991 l..
