2820 4680
526 637 579 695 273

127 787 332 885 probatione
357 804 415 861 aut
440 788 637 862 laudatione
662 803 798 885 egeant,
823 785 888 861 sed
906 786 980 884 ipsa

127 928 237 976 rerum
273 905 523 1000 consequentia
557 921 662 1000 atque
698 903 808 976 exitus
838 900 976 976 doceat

128 1020 251 1091 Exulto
269 1019 369 1116 igitur
381 1043 424 1092 ac
438 1044 510 1117 prae
522 1020 651 1117 gaudio
664 1016 709 1092 ad
722 1019 845 1091 caelum
860 1041 979 1091 manus

127 1135 223 1222 tollo,
250 1159 314 1230 pro
340 1134 527 1207 devotione
555 1135 710 1208 lacrimas
727 1131 879 1222 effundo,
898 1156 976 1206 cum

126 1265 160 1321 te
185 1249 368 1322 antistitem
397 1266 547 1323 nostrum
574 1249 717 1347 aspicio,
743 1247 840 1321 cuius
857 1271 977 1345 opera,
1009 1281 1019 1333 t

125 1363 310 1461 diligentia,
342 1365 516 1462 praesidio,
546 1359 700 1439 s‘ubsidio
723 1363 859 1438 felicem
878 1386 977 1437 sanc-

126 1495 193 1554 tam
212 1479 383 1554 civitatem
404 1483 492 1554 hanc
508 1498 655 1554 nostram
671 1480 742 1553 lieri
757 1504 826 1552 non
844 1477 975 1551 dubito.

125 1598 282 1669 Tolletur
294 1597 384 1670 enim
400 1596 507 1670 modo
520 1597 629 1670 omnis
644 1596 731 1670 mala
748 1592 977 1686 consuetudo,

125 1712 342 1786 destruentur
371 1712 461 1801 vitia,
492 1712 645 1784 orientur
673 1711 825 1800 virtutes,
856 1708 976 1807 religio

124 1826 258 1900 sincera
282 1843 318 1900 et
344 1828 560 1900 immaculata
580 1826 769 1900 servabitur
786 1826 877 1898 iuxta
894 1824 976 1898 illud
991 1855 1021 1892 ιο

128 1943 334 2017 llieremiae:
364 1946 458 2017 Ecce
484 1943 645 2016 constitui
664 1959 699 2016 te
716 1966 820 2039 super
835 1956 974 2038 gentem

124 2061 224 2147 hanc,
265 2078 300 2132 ut
329 2062 456 2133 evellas
486 2078 522 2133 et
551 2060 726 2149 destruas,
756 2058 910 2132 aedifices
939 2073 976 2131 et

125 2177 267 2270 plantes.
299 2176 465 2248 Cantabit
494 2199 585 2249 nunc
616 2177 692 2249 lraec
722 2174 852 2263 civitas,
879 2174 974 2271 pueri

125 2288 345 2387 innuptaeque
364 2292 505 2387 puellae:
534 2293 605 2365 Sub
624 2290 742 2364 umbra
767 2290 853 2363 illius
870 2313 973 2386 quem

124 2404 361 2478 desiderabam
388 2406 461 2479 sedi
479 2421 516 2479 et
534 2406 662 2479 sructus
679 2406 752 2479 eius
771 2404 882 2480 dulcis
898 2422 975 2502 gut·
990 2434 1016 2484 rt

125 2519 187 2592 turi
207 2544 297 2610 me0,
316 2521 402 2595 laeva
418 2522 491 2596 eius
509 2524 574 2595 sub
587 2523 702 2619 capite
717 2537 842 2595 meoet
854 2520 976 2595 dextra

125 2636 210 2708 illius
235 2637 484 2732 amplexabitur
510 2662 575 2710 me.
615 2640 718 2710 Hanc
745 2637 855 2735 igitur,
878 2661 975 2710 reve·

56 2809 57 2812 ,
124 2750 323 2825 rendissime
349 2768 447 2849 pater
463 2770 500 2826 et
517 2753 684 2850 pontifex,
704 2769 771 2826 tuae
789 2752 974 2848 splendore

121 2868 241 2964 gloriae
259 2867 483 2941 immortalem
502 2869 605 2942 effice
622 2885 658 2942 et
676 2868 782 2965 ipsam
802 2892 871 2940 non
889 2883 974 2941 tam·

122 3007 224 3080 quam
251 2983 421 3073 dominus,
448 2984 510 3057 sed
538 3001 636 3081 pater
660 2983 810 3080 suscipe,
837 2983 915 3056 love
938 2998 974 3056 et
987 3009 1018 3045 ιο

121 3100 342 3195 amplectere.
362 3098 420 3172 Sic
437 3100 527 3172 enim
541 3098 660 3189 decus,
670 3098 818 3187 laudem,
831 3115 973 3172 aeternae

169 3337 204 3402 (r)
223 3346 315 3402 egeant
334 3337 365 3388 G
399 3336 484 3401 ldae]
503 3346 529 3387 et
547 3339 576 3388 C.
611 3338 645 3401 (ς)
662 3338 779 3387 antistant
797 3337 827 3388 G
862 3336 896 3401 (ό)
913 3338 973 3387 sub

120 3419 187 3468 sidio
203 3432 249 3467 om.
273 3419 300 3467 T.
335 3417 369 3481 (8)
385 3418 505 3467 ammodo
523 3419 553 3468 C.
587 3420 832 3482 (rrjllyeremiec.
866 3419 972 3484 (ultre-

122 3499 250 3549 dincesr.
285 3498 496 3561 (talcivitasltec
511 3499 538 3547 T.
563 3498 735 3563 (tslsedionn
755 3501 781 3549 7ἶ
805 3498 972 3565 (rptdlgue

120 3580 169 3629 turi
187 3579 217 3628 C.
251 3578 494 3642 (18)pnteretom.
517 3580 544 3629 T.

173 3700 235 3743 lwtoe
250 3698 449 3756 κοςιωιιομη
467 3700 492 3743 11.
837 3687 864 3736 ru
