2820 4680
654 591 706 672 363

257 764 295 823 Et
308 775 389 824 certe
403 763 545 844 incipiens
559 761 635 824 volui
650 762 809 843 incoepisse
822 771 946 823 tutante
1139 786 1149 839 ς

293 859 418 936 Saecula,
431 873 462 921 ut
476 861 533 922 boc
546 869 625 920 esset
638 869 772 940 tempore
781 861 870 920 lsotta
883 870 976 921 vetus.

257 957 465 1038 Nanquequid
473 956 700 1020 Andromachen
708 957 818 1032 recitat,
833 956 904 1036 quid
911 956 1014 1036 vulgus
1028 958 1175 1021 Aracnem

296 1055 551 1136 Penelopenque?
567 1056 651 1116 Deas
664 1055 736 1135 quid
751 1073 817 1116 mea
832 1056 924 1116 Musa
937 1055 1037 1116 canit?

254 1154 328 1214 Sunt
342 1153 494 1214 hominum
509 1152 626 1215 miracla
639 1152 768 1233 quidem,
784 1164 888 1233 stupor
901 1151 967 1213 lraec
980 1153 1035 1214 erit
1049 1173 1108 1215 una

295 1250 453 1325 Omnibus,
473 1250 538 1311 hoec
552 1250 661 1332 priscas
674 1250 770 1311 vincat
784 1250 813 1310 in
827 1250 899 1311 orbe
914 1249 993 1311 deas.
1124 1280 1154 1318 ιο

257 1348 336 1409 Haec
349 1349 404 1409 erit
418 1360 486 1409 ante
499 1349 579 1423 alias,
596 1368 686 1429 quam
701 1348 891 1410 deminabitur
904 1348 999 1408 omnis

294 1446 433 1528 Scriptor,
452 1459 481 1507 et
495 1448 630 1528 antiquas
644 1448 738 1509 mittet
751 1467 853 1509 avarus
868 1447 972 1508 honos.

255 1544 340 1624 Quid
351 1544 505 1606 'lbomirin
521 1545 652 1606 iactant?
667 1545 751 1626 Quid
769 1544 954 1607 Penthesilea
969 1544 1107 1608 refertur?

298 1644 377 1704 llaec
391 1655 510 1724 superat
526 1646 681 1704 Kammam
696 1644 900 1725 Virginiasque
914 1643 996 1705 duas.

258 1741 367 1801 Martia
381 1740 469 1802 cedat
482 1741 519 1814 ei,
538 1741 624 1802 cedat
638 1759 722 1802 soror
735 1741 842 1824 inclyta
856 1740 957 1804 Coclis
1125 1771 1151 1822 ις

295 1840 392 1919 Atque
407 1840 544 1922 Orythiae
557 1839 644 1901 cedat
658 1839 770 1920 ubique
782 1839 876 1902 decus

258 1940 297 1997 Et
311 1937 464 2000 Coriolani
478 1949 571 1999 mater
586 1938 783 2018 Lucretiaque
797 1938 881 2020 ipsa;

298 2037 398 2097 Matre
412 2036 467 2097 erit
480 2036 546 2097 haec
562 2035 659 2097 Flacci
672 2035 860 2117 Sulpiciaque
874 2036 962 2118 prior.

257 2132 385 2194 Claudia
398 2132 521 2194 Vestalis
534 2132 680 2195 concedat
694 2134 775 2213 virgo
788 2133 890 2208 sorori,

296 2231 367 2310 Qua
382 2230 460 2290 stetit
473 2230 586 2291 attoniti
600 2229 714 2291 vindice
728 2230 817 2311 patris
832 2230 935 2291 honos.
1125 2261 1156 2297 ιο

255 2329 328 2408 Qua
342 2338 463 2409 praestet
475 2328 521 2389 vel
534 2328 630 2409 prisca
643 2339 703 2390 tuae
717 2327 859 2391 Cornelia
873 2327 952 2389 laudi

294 2426 353 2487 Aut
366 2437 449 2486 casto
461 2425 611 2487 excedens
628 2426 733 2487 Porcia
746 2425 837 2487 corde
851 2427 940 2487 suas?

257 2523 307 2584 llla
320 2523 390 2598 viro,
410 2522 456 2583 illa
470 2524 537 2597 suis,
553 2523 606 2584 soli
620 2523 673 2585 sed
690 2525 779 2584 lsotta
789 2523 885 2585 dicata
897 2535 943 2585 est

300 2622 372 2683 Una
385 2620 444 2682 deo
457 2632 487 2681 et
501 2620 588 2683 clara
603 2620 779 2702 posteritatis
793 2622 851 2703 opi.

257 2715 307 2777 llla
322 2716 472 2778 hominum
489 2718 591 2778 metuit
605 2718 702 2778 vitiato
715 2735 841 2800 corpore
856 2717 971 2790 sanan,
1125 2746 1152 2799 ις

300 2816 379 2875 Haec
391 2825 504 2876 tantum
519 2815 626 2876 summi
640 2815 717 2876 iussa
731 2826 832 2876 secuta
847 2815 904 2877 dei.

256 2911 337 2973 Scire
351 2912 460 2992 aliquid
475 2912 564 2974 voluit
577 2912 632 2974 sibi
645 2930 777 2994 quiaque
791 2914 911 2993 antiqua
925 2932 933 2988 ;
948 2913 1001 2975 sed
1016 2914 1070 2975 ista

297 3011 416 3085 Omnia,
436 3022 468 3072 ut
481 3011 575 3072 aetatis
589 3023 667 3073 esset
681 3013 763 3091 origo
778 3028 872 3073 novae.

257 3109 335 3188 Quis
350 3109 418 3170 mibi
432 3108 612 3170 crediderit?
626 3109 686 3171 Sed
701 3127 747 3171 res
761 3121 805 3171 est
820 3128 889 3172 vera
902 3121 946 3172 tot
960 3130 1019 3172 una

295 3206 443 3280 Testibus,
462 3218 507 3267 est
520 3206 595 3268 soliis
608 3217 682 3288 quot
697 3225 800 3269 nemus
813 3227 902 3270 omne
916 3209 1020 3271 virens.
1127 3240 1157 3289 10

301 3393 336 3458 (7)
363 3398 467 3460 Angue
483 3398 511 3445 V.
545 3396 579 3460 (9)
596 3396 717 3446 miracula
736 3399 765 3446 V.
799 3405 908 3460 stupore
929 3399 956 3447 ν.
992 3397 1042 3461 (ιι)
1058 3399 1110 3448 vin.

257 3477 316 3523 cetl
332 3475 499 3525 admirabitur
519 3475 546 3525 V.
581 3475 630 3539 (14)
639 3476 829 3539 virginumque
840 3479 868 3526 v,
903 3477 953 3541 (ῃ)
965 3478 1042 3529 „ude
1054 3480 1108 3529 cp⁸

257 3554 307 3619 (υ)
325 3557 414 3607 Portis
430 3555 460 3606 G
