2820 4680
606 920 784 991 LXXVII.

519 1228 648 1287 (Veronae,
665 1243 689 1278 a.
710 1240 765 1289 1451
777 1227 868 1290 ὲ-ςό.)

291 1505 469 1580 Matthaeus
486 1510 608 1580 Bossus
624 1509 723 1581 isoiae
739 1505 917 1604 Nogoroloe
933 1508 965 1580 S.
985 1510 1023 1580 Ρ.
1045 1510 1090 1580 D.

266 1799 567 2150 Quicni
596 1835 665 1894 tuae
695 1817 848 1916 dignitati
874 1834 979 1915 atque
1004 1818 1115 1892 virtuti

462 1934 593 2009 debere
612 1960 666 2008 me
685 1934 806 2024 fateor,
824 1951 943 2009 sancta
959 1952 995 2008 et
1011 1961 1116 2009 vene-
1148 1971 1158 2022 t

462 2049 575 2124 rabilis
609 2050 642 2122 in
672 2048 814 2124 domino
844 2074 953 2140 soror,
984 2075 1115 2124 sermo

264 2193 342 2242 nern
368 2194 452 2243 vero
477 2184 514 2241 et
538 2183 718 2265 aspectum
746 2182 874 2240 tantum
904 2165 1055 2264 excipi0‚
1086 2166 1114 2240 si

262 2283 402 2380 quidem
429 2309 498 2382 ego
523 2283 583 2372 vir,
607 2299 641 2355 tu
668 2299 781 2356 autern
805 2282 949 2356 foemina
964 2307 1014 2372 es,
1033 2308 1114 2381 quae

310 2463 448 2525 Descripta
472 2470 512 2511 est
530 2462 585 2510 hec
601 2461 711 2524 epistola
727 2475 758 2510 ex
776 2462 842 2510 libro
858 2475 873 2510 a
890 2462 998 2511 Plutone
1015 2462 1049 2510 de
1065 2463 1113 2510 Be·

261 2540 369 2590 nedictis
382 2541 538 2591 Bononiensi
555 2541 592 2588 rin
608 2543 673 2590 airna
689 2541 790 2590 civitate
809 2542 931 2590 Bononiae
945 2556 1012 2590 unno
1026 2542 1113 2591 salutis

262 2621 558 2671 ttcccctxxxxttt.
585 2621 688 2671 decimo
712 2623 790 2672 tertio
815 2623 944 2671 kaltendas
969 2625 1111 2684 Augustas»

261 2700 387 2763 impresso
394 2701 446 2765 (C),
456 2702 497 2751 cui
510 2702 551 2750 hic
566 2702 652 2750 titulus
664 2703 804 2765 prefigitur
814 2716 820 2750 :
830 2703 912 2764 «Quae
925 2703 1112 2753 hocvoiunaine

260 2780 353 2828 bentur
369 2781 437 2830 varia
453 2780 608 2841 diversaque
631 2789 657 2829 et
679 2784 754 2844 longa
775 2795 806 2830 ex
823 2782 986 2845 dispersione
1003 2784 1112 2831 collecta

258 2873 313 2921 quo
329 2860 400 2909 brevi
424 2861 473 2910 sub
489 2861 563 2910 tituto
580 2861 746 2911 subiiciuntur
760 2874 792 2911 ac
806 2862 906 2912 nomine
925 2862 1111 2924 Recuperatio

260 2952 306 2988 nes
331 2941 467 2990 FesuIanss
492 2943 575 2991 lector
598 2943 756 3006 agnoscito.»
782 2942 853 2991 Extat
870 2942 945 2990 etiarn
963 2942 986 2989 in
1004 2941 1069 2990 tibro
1086 2942 1110 2989 in

258 3019 367 3069 abbatia
389 3020 520 3070 Faesulana
543 3022 627 3084 pridie
652 3023 707 3071 Kal.
726 3023 827 3085 Apriles
842 3036 909 3071 anno
926 3022 1020 3071 incarn.
1038 3022 1110 3072 verbi

257 3099 334 3148 divini
360 3101 644 3150 Mcccctxxxxtt.
671 3103 731 3151 sutis
759 3102 882 3151 mendose
906 3103 1040 3165 impresso.
1065 3105 1109 3165 qui

259 3181 382 3229 ‹Matthei
406 3182 479 3230 Bossi
505 3182 662 3231 Veronensis
679 3182 793 3232 canonici
811 3182 934 3246 regularis
950 3182 1109 3234 diversarum

258 3273 343 3309 rerum
368 3261 486 3323 epistolae
502 3261 626 3310 varietate
643 3261 761 3324 pondere
776 3262 851 3325 copia
867 3262 1008 3313 devotione
1024 3262 1108 3315 fructu

257 3339 466 3401 iucunditateque
484 3339 600 3389 refertae»
617 3341 769 3391 inscribitur.

308 3417 412 3468 Tituium
422 3432 465 3484 ego
474 3419 575 3481 αάάἰάίς
585 3420 610 3470 in
621 3421 674 3471 cdd.
687 3421 739 3472 itae
748 3421 851 3487 epuioio
858 3422 984 3487 promisso
992 3423 1109 3489 leguntur:

255 3498 295 3548 Ad
314 3500 405 3549 tsotarn
418 3501 574 3564 Nogarolant
588 3502 709 3566 virginem
725 3503 818 3553 Christi
835 3503 869 3553 de
885 3517 964 3567 parce
978 3515 1107 3567 cauteque

255 3579 392 3630 versando.
411 3580 525 3644 Epistola
542 3582 584 3630 lli.
