2820 4680
551 629 605 696 ²5³

154 810 197 858 ac
216 785 497 883 philosophorum
518 785 667 858 sontibus
685 785 728 859 ad
748 787 837 858 hanc
856 810 926 859 rem
945 786 1008 861 de·

154 899 234 974 duci
254 917 379 998 potest,
397 899 489 974 adeo
507 900 688 999 diligenter
705 903 750 974 ab
768 903 859 975 {sota
874 902 1008 976 deduc·

156 1033 238 1104 tum,
274 1015 470 1089 iamdudum
506 1040 638 1089 summa
667 1040 745 1089 cum
781 1015 1008 1091 admiratione

154 1130 387 1219 animadverti,
398 1147 434 1204 ut
451 1131 478 1204 si
497 1130 579 1228 quid
597 1148 730 1220 contra,
752 1132 1006 1219 Protonotarie‚

154 1245 269 1319 adhuc
295 1246 464 1321 obsistere
489 1246 693 1334 contendas,
713 1247 885 1320 hominem
905 1250 1007 1345 plane
1041 1280 1050 1330 t

155 1360 303 1434 divinum
324 1379 357 1434 te
379 1360 537 1435 iudicem.
568 1364 660 1435 Pro.
682 1363 763 1435 Non
783 1362 1006 1452 committam,

156 1495 192 1551 ut
216 1494 284 1551 tam
311 1479 414 1576 longa
440 1481 541 1551 lsotae
562 1478 673 1551 oratio
690 1501 828 1550 omnem
847 1477 927 1551 mihi
945 1477 1007 1552 de·

155 1592 316 1692 tegendae
333 1593 482 1667 veritatis
500 1593 566 1666 vim
584 1592 797 1681 exhauserit;
825 1611 1008 1692 supersunt

154 1708 625 1805 aliaquibusvictacadet.-
637 1709 1007 1784 Evaecrassissimafuit

156 1823 354 1920 ignorantia,
381 1824 462 1921 quia
488 1825 604 1898 maluit
621 1823 770 1899 daemoni
788 1848 890 1922 quam
909 1848 1007 1898 crea-
1022 1859 1053 1896 10

155 1940 218 2012 tori
230 1940 332 2013 fidem
351 1957 525 2039 praestare.
547 1943 641 2040 Quae
659 1939 798 2037 quidem
818 1940 1008 2038 ignorantia

154 2079 198 2127 ex
224 2055 297 2129 eius
322 2055 464 2145 delict0,
492 2073 527 2129 ut
556 2079 655 2129 sacra
684 2072 826 2130 testatur
855 2056 1005 2146 historia,

156 2172 336 2267 processit,
368 2172 504 2267 peccati
531 2173 755 2245 excusatione
781 2196 913 2246 carens.
946 2174 1006 2246 Est

155 2304 269 2360 autem
288 2287 477 2385 ignorantia
494 2312 610 2361 crassa
626 2290 679 2362 vel
698 2289 830 2385 supina,
849 2313 927 2362 cum
946 2288 1005 2361 ali-

155 2402 231 2498 quis
257 2427 327 2476 rem
357 2403 551 2500 quampiam
570 2404 658 2476 scire
678 2403 778 2477 facile
804 2420 919 2501 potest
944 2428 1005 2477 ne·
1022 2437 1047 2487 ις

155 2543 223 2615 que
238 2535 336 2591 curat
353 2517 525 2615 indagare.
546 2519 641 2592 Sicut
658 2520 760 2607 enim,
779 2520 805 2592 si
820 2519 896 2616 quis
913 2520 1005 2616 supi-

155 2658 216 2706 nus
241 2633 375 2719 existat,
395 2635 488 2707 nullo
514 2635 657 2732 negotio
683 2659 763 2731 quae
790 2658 892 2732 supra
921 2635 1005 2708 fiunt

154 2749 360 2845 conspicere
387 2766 511 2846 potest,
535 2765 571 2822 et
588 2773 721 2823 crassus
747 2774 827 2847 quae
845 2749 940 2838 insra,
959 2748 1005 2824 ita

155 2864 378 2961 proportione
396 2864 543 2961 quadam
560 2865 655 2949 illius,
667 2867 725 2962 qui
738 2866 827 2939 scire
841 2865 952 2963 potuit
968 2882 1005 2940 et

155 3005 222 3051 non
249 2980 389 3067 curavit,
416 2982 537 3077 supina
562 2981 839 3078 crassissimaque
861 2998 1004 3054 vocatur
1018 3016 1050 3051 ιο

155 3095 352 3193 ignorantia.
376 3098 566 3194 Propterea
583 3095 723 3169 dicebat
736 3096 833 3170 divus
845 3096 1003 3194 Augusti·

155 3236 234 3284 nus:
278 3211 334 3284 Eis
367 3208 514 3311 aufertur
544 3212 724 3303 excusatio,
760 3212 818 3310 qui
848 3213 1004 3286 mandata

153 3326 208 3400 dei
239 3337 401 3419 noverunt,
429 3353 527 3426 quam
561 3327 664 3402 solent
705 3328 825 3402 tabere
861 3327 1004 3402 hommes

153 3442 195 3516 de
228 3442 414 3541 ignorantum.
453 3446 495 3517 Et
521 3444 602 3518 licet
626 3444 669 3517 sit
692 3445 827 3544 gravius
852 3468 1003 3543 peccare

153 3560 302 3636 scienter
331 3584 432 3661 quam
464 3561 668 3650 nescienter,
687 3586 756 3634 non
783 3560 863 3636 ideo
888 3578 1001 3635 tamen
1018 3593 1044 3645 ις
