2820 4680
871 591 927 675 380

472 766 555 846 Quid
571 765 608 825 de
623 783 654 825 se
670 765 782 846 possint
795 764 859 824 aliae
874 765 981 825 dixisse
997 763 1168 846 putandum.

472 865 503 924 O
518 864 592 924 deus
608 865 614 922 l
629 864 771 943 insignem
786 863 938 924 mulierem
954 862 1089 923 laudibus
1102 873 1132 922 et
1146 880 1236 941 quam

414 984 454 1035 ³95
473 961 592 1022 Debeat
607 962 750 1021 immenso
764 961 907 1021 cecinisse
922 959 1069 1020 volumine
1083 970 1145 1020 tota

474 1058 631 1119 Posteritas
650 1058 745 1136 sitque
762 1076 819 1117 una
834 1057 915 1117 novis
930 1056 1120 1117 memoranda
1132 1054 1248 1117 diebus.

471 1155 530 1216 Sed
547 1174 676 1215 neceam
693 1155 852 1215 immunem
867 1165 995 1216 tentator
1010 1154 1128 1234 spiritus
1141 1170 1208 1214 esse

470 1253 548 1327 Sivit,
564 1265 593 1314 at
607 1254 636 1313 in
651 1254 760 1314 somnis
774 1264 858 1314 vocat
872 1253 948 1313 hanc
963 1252 1041 1313 velut
1055 1251 1175 1331 angelus
1189 1249 1266 1311 alter

471 1352 568 1431 Atque
582 1352 621 1411 ait
635 1369 700 1412 esse
714 1352 799 1424 viros,
818 1369 945 1430 quorum
962 1350 1130 1430 praestantia
1145 1367 1260 1429 magna,

411 1475 457 1521 400
473 1449 592 1508 Divitiae
607 1448 714 1522 multae,
735 1467 841 1509 nomen
858 1467 918 1529 par,
933 1447 1025 1528 gloria
1035 1466 1157 1519 summa,

471 1547 610 1625 Quorum
625 1565 714 1626 quem
730 1546 808 1607 malit
822 1547 922 1626 iungat
936 1546 989 1606 sibi
1007 1548 1097 1606 lsotta
1116 1545 1260 1605 maritum.

470 1644 693 1705 Subditetbaec:
703 1644 886 1724 Quidinanis
895 1644 973 1723 agis?
984 1643 1068 1722 Quid
1079 1655 1212 1724 tempora
1219 1642 1329 1702 lrustra

473 1743 571 1803 Multa
584 1743 674 1802 teris?
691 1742 758 1802 Fies
773 1742 895 1822 posthac
908 1752 1034 1800 canente
1048 1739 1161 1820 capillo,

474 1840 608 1900 Mortalis
622 1840 756 1913 moriere,
775 1839 867 1900 decor
881 1851 948 1899 tuus
963 1839 1016 1899 iste
1031 1838 1145 1919 peribit.

411 1965 454 2015 405
470 1940 518 1998 Tu
533 1937 604 2017 quid
619 1938 676 1998 eris
690 1938 788 1997 vivens
802 1936 963 1997 iucundum
978 1935 1065 1997 stulta
1079 1936 1201 1995 secuta?

474 2037 584 2095 Fumus
603 2035 626 2095 is
640 2046 694 2107 est,
712 2052 801 2114 quem
816 2051 889 2092 vana
904 2033 988 2113 petis,
1008 2031 1089 2112 quod
1101 2033 1182 2111 virgo
1195 2032 1322 2093 voceris.

472 2131 565 2211 Quod
581 2142 683 2192 natura
698 2131 756 2211 pati
772 2131 883 2209 nequit,
902 2129 931 2190 id
946 2130 1100 2191 temeraria
1114 2131 1230 2189 tentas?

473 2231 588 2290 lnterea
598 2239 628 2289 et
642 2240 725 2288 natos
741 2228 838 2309 posuit
848 2227 1011 2307 dulcesque
1027 2237 1151 2309 nepotes

470 2330 546 2387 Ante
560 2326 663 2387 oculos
677 2325 841 2405 suadetque
855 2326 916 2386 viro
931 2343 963 2385 se
978 2326 1100 2405 iungere
1114 2325 1213 2404 digno.

411 2455 459 2502 410
470 2425 529 2485 Sed
544 2435 655 2484 tentata
670 2435 767 2484 manet
781 2434 882 2484 cautes
896 2423 974 2484 velut
988 2434 1077 2503 atque
1092 2423 1201 2483 moveri

472 2523 621 2583 Constans
636 2532 733 2581 mente
749 2521 851 2600 nequit
864 2520 967 2594 stabili,
987 2521 1098 2581 ratione
1114 2521 1236 2580 iuvatur.

474 2620 565 2681 Haud
579 2638 673 2699 genus
688 2619 753 2692 hoc,
773 2619 875 2698 inquit,
894 2637 940 2679 me
955 2619 1111 2679 deficiente
1127 2619 1240 2699 peribit,

472 2717 565 2798 Quod
581 2717 683 2777 iratres
697 2734 807 2777 auxere
823 2717 888 2790 mei,
908 2735 965 2777 nec
979 2717 1107 2776 mundus
1123 2716 1151 2776 in
1167 2735 1225 2777 una

475 2818 529 2875 Me
545 2816 647 2896 recipit
661 2815 734 2875 vires
750 2833 805 2875 nec
821 2832 867 2874 me
883 2814 956 2874 leret
972 2813 1029 2874 ulla
1043 2813 1132 2874 libido

413 2944 455 2992 4¹5
474 2916 678 2974 Immemorem
694 2911 822 2986 laudum,
842 2932 916 2992 quas
930 2912 998 2972 coeli
1015 2913 1175 2991 quaerimus
1189 2928 1266 2985 arce,

472 3015 529 3072 Aut
551 3011 617 3070 vitae
640 3012 849 3084 immemorem,
877 3028 946 3090 quae
965 3029 1033 3070 vera
1047 3020 1092 3070 est
1106 3011 1162 3070 vita
1177 3009 1321 3090 putanda.

474 3109 595 3169 lnsidias
609 3108 727 3169 daemon
743 3107 835 3169 nullas
850 3108 918 3168 mihi
932 3107 1086 3168 contrahet
1100 3118 1172 3167 ater.

476 3210 590 3268 Rursus
604 3219 636 3266 ut
649 3206 751 3268 orabat
765 3205 935 3287 temploque
951 3204 1074 3267 sedebat
1089 3206 1118 3265 in
1133 3205 1199 3279 alto,

476 3304 575 3365 Huius
588 3303 625 3365 ad
641 3304 758 3365 insidias
773 3304 828 3364 lrac
842 3314 886 3365 est
900 3314 1048 3364 commota
1061 3302 1191 3384 querela

522 3489 586 3555 (397)
596 3497 735 3553 temptator
746 3491 774 3540 V.
808 3489 874 3555 (398)
890 3498 916 3539 at
933 3490 1053 3540 insomnis
1061 3491 1115 3541 CV.
1149 3492 1201 3539 alte
1220 3490 1250 3550 C,
1265 3490 1327 3553 sort.

474 3571 539 3621 recte.
574 3568 638 3634 (407)
663 3577 772 3633 temptas
790 3571 817 3618 V.
852 3567 918 3635 (⁴¹0)
934 3578 1057 3632 temptata
1078 3570 1104 3617 V.
