2820 4680
877 554 931 632 382

478 720 610 783 Ducitur
622 720 768 801 exemplo,
788 721 840 782 nisi
855 720 936 801 quod
952 720 1085 801 ratioque
1099 721 1208 802 deique

476 818 671 882 Constituunt
684 818 832 891 mundata;
848 820 936 900 patris
951 838 1010 880 non
1026 818 1152 881 flectitur
1164 818 1229 881 ullis

478 916 665 979 Blanditiisve
680 917 809 990 minisve,
827 915 886 977 deo
900 917 1007 978 servire
1026 927 1134 997 parata,

416 1036 464 1089 ⁴50
477 1015 683 1077 contemnens
693 1013 774 1074 alios.
793 1014 926 1094 Quando
940 1025 984 1074 est
999 1014 1090 1093 magis
1099 1024 1160 1074 arte
1172 1012 1290 1093 maligni

477 1113 579 1174 Ducta
596 1112 685 1184 canis,
705 1111 788 1172 latrat
801 1112 852 1191 qui
867 1129 984 1193 semper
997 1123 1027 1172 et
1041 1111 1134 1172 ardua
1143 1121 1236 1171 tentat

474 1211 641 1271 Taurorum
665 1208 718 1270 sibi
741 1208 816 1270 colla
838 1208 929 1283 ieron,
948 1210 1005 1270 hoc
1020 1227 1143 1290 pergere
1158 1219 1272 1269 certum
1287 1220 1335 1270 est

478 1309 510 1368 ln
526 1307 630 1367 virtute
645 1308 735 1387 magis
749 1307 923 1387 cunctisque
938 1306 1055 1367 obstare
1071 1306 1195 1388 periclis.

479 1405 550 1465 Non
566 1404 666 1477 nescit,
686 1405 757 1484 quid
772 1424 845 1465 vana
859 1404 926 1464 velit
940 1405 993 1465 sibi
1007 1404 1101 1484 gloria
1113 1404 1209 1484 gentis

415 1525 459 1577 ⁴55
475 1502 646 1576 Terricolae,
664 1520 732 1564 cum
748 1501 840 1563 llectit
853 1520 948 1581 equos
962 1503 990 1562 in
1007 1503 1079 1562 retia
1092 1519 1190 1563 caecos

480 1604 518 1663 Et
531 1600 643 1682 laqueis
656 1600 735 1681 capit
748 1611 816 1660 ante
827 1600 898 1672 dies,
915 1611 946 1660 ut
961 1599 1083 1660 fluctuet
1096 1617 1179 1660 error

475 1699 600 1762 assidue
615 1699 774 1759 immensus
788 1715 843 1758 nec
857 1698 892 1758 sit
907 1696 1003 1779 pudor
1017 1695 1093 1758 ullus
1107 1697 1136 1757 in
1150 1716 1211 1771 ore,

479 1800 524 1862 Ut
535 1797 624 1858 modo
637 1795 792 1878 Sisiphidae
808 1795 888 1857 multi
904 1795 1046 1875 multique
1064 1798 1222 1857 Procustes

479 1899 518 1957 Et
532 1894 622 1956 modo
635 1894 800 1956 Tantalidae
815 1904 944 1974 surgant.
963 1898 1000 1954 At
1013 1894 1130 1955 Belidas
1145 1895 1208 1976 ipsa

415 2008 462 2065 ⁴⁶⁰
479 1997 642 2056 Execratur
655 2013 714 2067 eas,
733 2012 802 2074 quae
818 1993 874 2053 lata
888 1992 1000 2054 dedere
1015 1992 1132 2065 maritis,

480 2092 682 2171 Evadnenque
692 2090 777 2152 illam.
795 2091 912 2172 Recipit
927 2108 986 2150 non
1001 2090 1067 2151 haec
1084 2090 1278 2172 Heryphilem

480 2194 517 2253 Et
531 2208 734 2271 quascumque
749 2207 835 2271 pares
848 2199 964 2249 cantata
977 2189 1143 2250 Semiramis
1157 2189 1245 2260 auxit,

479 2291 517 2350 Et
533 2290 601 2348 love
616 2288 783 2369 progenitas
795 2287 916 2348 Troiani
928 2286 985 2347 tela
999 2287 1113 2348 luroris.

479 2387 609 2466 Plusque
624 2385 797 2447 Catherinae
811 2383 918 2446 similes
932 2396 1089 2445 veneratur
1101 2395 1239 2464 amatque

417 2497 459 2555 4⁶5
479 2485 571 2546 Lucia
592 2503 666 2564 quas
679 2483 789 2557 docuit,
808 2502 896 2563 quam
911 2483 934 2543 si
949 2501 1022 2562 quas
1039 2485 1135 2543 Roma
1149 2483 1334 2564 triumphans

478 2583 599 2645 Graecia
612 2582 671 2642 sive
685 2581 757 2654 tulit,
777 2600 850 2661 quas
864 2592 907 2641 tot
920 2579 1039 2640 coluere
1054 2579 1160 2641 Sabaei.

477 2680 506 2742 Si
518 2699 579 2760 qua
592 2680 667 2740 inter
680 2679 758 2740 cives
770 2678 863 2739 luerat
877 2677 1023 2739 discordia
1038 2695 1167 2757 magnos,

478 2779 617 2859 Quorum
631 2788 696 2837 erat
717 2788 747 2836 et
764 2777 865 2856 generi
880 2776 1132 2855 consanguinitate
1155 2775 1330 2857 propinqua,

478 2876 602 2957 Semper
615 2885 678 2935 erat
693 2874 773 2955 pacis
787 2873 891 2934 mulier
905 2873 1083 2934 sanctissima
1098 2884 1197 2934 custos

417 2995 465 3043 ⁴70
481 2976 519 3034 Et
531 2990 667 3033 resecans
681 2971 756 3033 odiis
769 2969 913 3051 quidquid
928 2969 1010 3031 dedit
1023 2988 1104 3030 arma
1117 2969 1269 3030 movendis

480 3069 675 3132 Restuurabat
688 3070 731 3129 eis
745 3069 866 3140 animos,
886 3067 1025 3147 iungebat
1039 3085 1139 3128 amore

481 3170 631 3250 Perpetuo
645 3166 782 3228 effrenes.
805 3168 882 3226 Nam
900 3164 1053 3245 Nugarola
1066 3164 1221 3226 domorum

481 3267 614 3329 Maxima
627 3279 799 3329 cunctarum
815 3268 952 3339 Veronae,
971 3265 1092 3344 antiqua
1105 3261 1240 3344 superbis
1338 3338 1341 3343 ⁸

529 3454 595 3519 (450)
611 3468 719 3517 quoque
736 3462 776 3504 est
804 3454 832 3502 V·
874 3451 939 3516 (451)
966 3458 1073 3515 tempus
1093 3452 1120 3499 V·
1161 3464 1185 3497 v·
1210 3450 1336 3512 ⁴53-482

481 3534 679 3588 dmiderunturin
698 3537 726 3586 V.
752 3532 817 3597 (⁴5⁸)
835 3533 1010 3583 Procrustes?
1043 3529 1107 3594 (47²)
1124 3530 1243 3580 effraenes
1261 3527 1291 3577 C
