2820 4680
667 421 728 506 458

270 617 305 672 te
323 597 467 694 diligere
483 614 520 670 et
537 620 664 686 amare,
684 621 751 669 non
769 613 924 693 argento,
944 620 1013 668 non
1027 620 1126 683 auro,

270 739 338 786 non
347 711 502 810 gemmis,
514 736 582 785 non
593 710 695 785 niveo
711 712 821 785 ebore
839 727 1001 811 tanquam
1020 710 1125 785 alieni

269 845 439 927 appetens
468 844 574 926 atque
604 825 703 900 avida
717 828 834 902 harum
860 851 984 916 rerum,
1006 850 1128 924 eoque

272 944 389 1042 magis,
420 942 582 1042 quoniam
613 959 744 1041 quanto
770 942 905 1040 potiora
930 959 1007 1016 sunt
1033 943 1129 1016 bona

246 1088 255 1137 ι
271 1059 393 1133 mentis
411 1058 567 1156 corporis
584 1058 695 1148 bonis,
706 1074 802 1133 tanto
817 1058 1016 1156 praeclarior
1033 1082 1127 1132 sem-

272 1199 334 1273 per
350 1173 443 1272 apud
461 1198 517 1247 me
535 1173 745 1272 paupertatis
762 1198 804 1248 ac
823 1173 1040 1272 parsimonie
1063 1174 1128 1246 ho-

273 1315 335 1364 nos
353 1289 414 1363 suit
432 1289 628 1387 posthabita
643 1289 782 1364 avaritia
798 1313 841 1365 ac
863 1289 1001 1363 luxuria
1023 1290 1128 1390 Quo-

272 1406 367 1481 circa
383 1405 415 1478 ni
435 1406 580 1480 haberes
598 1404 795 1504 patientiam
809 1405 972 1504 Agrippae
984 1422 1021 1479 et
1036 1407 1129 1478 Μω-

273 1522 405 1597 cenatis
438 1521 714 1611 tacitumitatem,
750 1520 1042 1619 quemadmodum
1078 1522 1129 1595 vir

232 1665 261 1701 10
273 1637 506 1711 ornatissimus
534 1636 718 1712 Suetonius
752 1637 971 1736 Tranquillus
1000 1638 1032 1710 in
1058 1637 1130 1711 vita

275 1753 426 1826 Caesaris
450 1752 593 1851 Augusti
619 1751 841 1826 disertissime
867 1752 1031 1851 scriptum
1050 1754 1129 1826 reli-

276 1869 359 1967 quit,
386 1867 514 1942 dehinc
533 1867 565 1941 ni
583 1891 679 1942 esses
705 1885 757 1941 tot
774 1885 811 1942 et
828 1867 928 1941 tantis
954 1868 1130 1966 praeclaris

274 1984 483 2059 ornamentis
499 1985 667 2073 excultus,
685 1983 828 2058 etiamsi
847 1982 927 2056 mihi
946 1983 1131 2080 magnifice

276 2099 371 2173 dono
387 2099 571 2173 obtulisses
586 2123 724 2172 omnem
743 2123 813 2172 rem
832 2098 1028 2188 numeriam,
1055 2123 1132 2171 om·

234 2244 259 2294 15
278 2239 354 2288 nem
384 2238 512 2311 gazam,
544 2213 727 2311 pretiosam
758 2214 1021 2312 supellectilem,
1050 2236 1132 2286 vasa

278 2329 480 2428 Corynthia‚
498 2353 620 2403 omnes
649 2331 827 2403 thesauros
852 2352 894 2403 ac
921 2353 1039 2426 regum
1067 2353 1132 2426 po

179 2487 180 2490 ι
278 2444 541 2519 tentissimorum
556 2444 747 2534 facultates,
764 2468 853 2542 opes
865 2460 970 2543 atque
984 2442 1132 2531 divitias,

279 2584 449 2658 nunquam
476 2559 681 2658 quievissem
709 2576 760 2633 tot
781 2577 817 2633 et
834 2559 936 2633 tantis
962 2559 1001 2633 iis
1028 2560 1133 2634 rebus

278 2674 436 2748 lacessita
465 2673 524 2746 tibi
544 2674 576 2747 in
599 2699 717 2749 amore
746 2673 968 2772 respondere.
996 2673 1068 2748 Sed
1086 2700 1133 2748 ne

236 2819 266 2856 ιο
277 2789 491 2888 suspicarere
508 2814 564 2864 me
582 2808 639 2864 tua
650 2789 864 2889 contemptui
879 2791 1007 2864 habere
1025 2807 1132 2890 atque

280 2905 518 3004 parvifacere,
550 2906 708 3004 rescripsi
734 2906 900 3005 optimum
928 2906 1020 2980 sactu
1048 2923 1132 2998 rata,
1170 2909 1172 2918 ⁴

325 3150 360 3215 (6)
377 3151 521 3214 paupertati
538 3150 569 3201 C.
611 3150 645 3211 (⁶.
661 3153 686 3215 7)
703 3153 803 3202 honore
820 3152 851 3202 C
895 3150 930 3215 (7)
946 3160 973 3200 et
990 3151 1021 3202 C.
1056 3151 1090 3216 (θ.
1108 3155 1134 3217 9)

281 3231 424 3280 Mecenatis
456 3231 487 3291 C,
522 3232 677 3281 Meooenatis
711 3233 736 3282 s
792 3233 843 3296 (ιι)
873 3232 1054 3282 dissertissime
1082 3234 1132 3285 C&

280 3310 329 3374 (ις.
349 3311 387 3374 ιὸ)
411 3313 627 3375 mpetu-regum
651 3325 698 3361 om.
723 3312 753 3362 G
794 3311 845 3374 (17)
869 3320 896 3360 et
921 3313 952 3362 C.
996 3312 1048 3376 (ιο)
1073 3328 1135 3365 con·

280 3400 379 3452 temptu
398 3392 422 3439 S.
457 3390 719 3454 (21ercereom.C.
