2820 4680
916 569 956 631 86

511 745 604 817 bunt.
622 743 658 815 O
670 743 800 831 urbem,
814 768 837 815 o
852 741 1073 839 provinciam,
1092 766 1115 813 o
1129 737 1268 813 domum
1288 739 1361 812 seli·

511 858 691 947 cissimam,
702 883 782 956 quae
796 859 856 931 has
869 856 1031 954 excipiet,
1042 856 1069 929 si
1079 882 1099 930 a
1108 855 1176 930 suis
1185 856 1361 952 expellen-

512 973 898 1071 tur,0prudentissimos
908 973 1008 1061 viros,
1019 972 1077 1070 qui
1088 969 1249 1046 hasadse
1259 994 1361 1044 voca-

512 1091 606 1178 bunt,
623 1089 650 1163 si
668 1113 689 1162 a
705 1089 773 1164 suis
790 1089 973 1162 eicientur!
1004 1089 1106 1161 Plura
1123 1087 1274 1161 scribere
1293 1111 1360 1160 non

486 1243 495 1290 ς
512 1229 662 1303 possum,
681 1205 760 1303 quia
776 1202 899 1278 dolore
917 1202 1087 1302 impedior
1103 1227 1307 1301 vereorque,
1318 1227 1361 1274 ne

512 1319 591 1395 dum
602 1345 666 1418 pro
676 1319 937 1417 mulieribuspie
947 1319 1112 1417 loquorin
1124 1316 1362 1414 fratresdigni-

512 1452 743 1534 tate,genere‚
754 1434 1167 1523 industriaornatissimos,
1177 1432 1223 1506 de
1234 1459 1288 1506 me
1298 1458 1362 1530 on

513 1553 593 1626 time
611 1551 752 1625 meritos
764 1550 914 1625 severius
931 1549 1055 1639 dicam,
1074 1575 1177 1648 quem
1196 1549 1310 1647 potius
1329 1549 1360 1620 in

513 1693 568 1742 me
578 1668 686 1765 ipsum
698 1666 827 1741 furiose
836 1665 957 1740 saevire
972 1665 1104 1742 videbis
1118 1690 1219 1763 quam
1231 1665 1362 1738 illorum

471 1819 500 1855 ιο
512 1783 695 1858 amicitiam
725 1782 934 1857 violaturum.
967 1781 1010 1854 Et
1039 1804 1245 1878 quamquam
1272 1778 1362 1854 sedi·

513 1899 625 1973 tiones
651 1899 732 1973 istas
757 1898 905 1996 probare
931 1922 999 1970 non
1025 1898 1167 1986 valeam,
1187 1895 1284 1969 irasci
1313 1913 1362 1969 ta-

514 2040 592 2087 men
606 2039 670 2112 pro
683 2037 760 2087 mea
770 2013 898 2112 pietate
908 2037 976 2086 non
986 2036 1135 2110 possum.
1152 2014 1206 2084 Tu
1221 2036 1362 2108 exurge,

513 2127 616 2218 aude,
634 2126 806 2226 reprende
828 2152 917 2226 quos
934 2125 1089 2201 diversos
1101 2151 1122 2200 a
1135 2145 1233 2200 recto
1247 2126 1363 2216 sentis,

514 2261 697 2343 antequam
715 2269 753 2318 se
770 2242 895 2318 diutius
912 2245 980 2317 alat
992 2243 1181 2317 contentio.
1203 2244 1293 2316 Nam
1308 2242 1364 2315 ille

472 2399 496 2448 ις
516 2359 663 2434 maxime
689 2376 779 2433 tuam
797 2359 1000 2433 sententiam
1018 2358 1188 2456 probabit,
1207 2383 1310 2455 quem
1329 2374 1363 2431 tu

517 2476 664 2550 maxime
694 2499 872 2572 coargues.
905 2473 1105 2572 Optabilius
1135 2473 1252 2548 suisset
1282 2498 1365 2546 nun-

517 2617 619 2691 quam
645 2616 709 2666 eos
733 2590 945 2680 dissensisse,
964 2590 1052 2664 sicut
1078 2589 1294 2686 dignissimos
1310 2613 1365 2662 su·

518 2708 672 2807 periores
697 2732 778 2783 suos
800 2707 925 2782 secisse
943 2704 1057 2796 audio,
1076 2705 1236 2804 quoniam
1255 2706 1367 2779 bono·

518 2849 589 2897 rum
624 2822 753 2898 iudicio
786 2849 855 2897 non
890 2820 997 2896 modo
1030 2821 1118 2911 lites,
1152 2820 1215 2895 sed
1250 2846 1365 2895 earum

475 2976 505 3011 ιο
518 2955 662 3014 conatus
686 2938 830 3014 consilia
848 2938 994 3013 maxime
1012 2936 1231 3025 damnantur;
1250 2962 1366 3011 verum

519 3072 642 3153 postea
679 3080 780 3154 quam
811 3070 969 3152 coeptum
999 3069 1063 3143 est,
1095 3077 1162 3126 non
1193 3070 1365 3150 evagetur,

520 3195 588 3244 non
606 3168 809 3269 divulgetur,
824 3195 892 3245 non
910 3187 1014 3244 exeat
1027 3168 1206 3244 caristiam.
1226 3169 1368 3267 Sapien-

449 3334 454 3341 -
520 3284 637 3359 tissimi
655 3284 700 3359 illi
720 3285 869 3361 Romani
891 3284 1083 3360 convivium
1102 3285 1257 3358 solemne
1275 3286 1368 3358 cele-

566 3470 600 3534 (t)
615 3472 765 3534 provintiam
780 3471 811 3522 (ἱ
844 3470 894 3534 (ιι)
910 3472 1069 3521 mollaturum
1087 3470 1117 3519 G
1151 3469 1201 3533 (ις)
1216 3468 1321 3517 sentiam
1337 3469 1366 3518 Ο

522 3551 572 3616 (20)
589 3551 723 3601 damnatur
738 3551 769 3602 C.
803 3551 853 3616 (ει)
869 3550 1014 3614 ceptunC.
