2820 4680
174 852 440 958 iSOTAE
466 851 971 958 NOGAROLAE

454 1159 689 1247 ELEGiA

218 1373 921 1461 DELAUDIBUSCYANEI

467 1585 671 1671 RURiS

145 1889 266 1963 Saivete,
286 1907 304 1947 0
319 1888 416 1970 Cyani
431 1887 527 1948 sontes
541 1887 703 1969 dulcesque
718 1905 852 1949 recessus

186 1987 220 2047 in
235 1985 393 2066 medioque
407 1984 479 2046 einis
493 1985 605 2047 consita
619 1984 687 2047 silve
701 1984 765 2046 lecu
781 1987 788 2045 i

145 2083 291 2145 Aonidum
306 2083 413 2144 salvete
427 2082 523 2143 choris
538 2081 602 2144 ioca
617 2095 699 2162 grate
713 2101 846 2143 sororum

189 2183 226 2242 Et
241 2198 310 2260 quae
324 2200 391 2241 cum
409 2181 529 2242 Bromio
547 2179 667 2241 Phebus
681 2180 761 2241 adire
775 2179 849 2241 soiet
869 2183 875 2240 i

148 2280 246 2339 Docte
261 2279 329 2339 mihi
344 2278 459 2357 quoties
473 2277 618 2357 querenti
633 2278 762 2338 carmine
778 2278 882 2338 Muses
1029 2313 1037 2361 ς

189 2376 302 2437 Profuit
317 2376 344 2435 in
359 2387 456 2436 vestro
470 2375 659 2456 comperiisse
674 2376 738 2437 sinu
754 2377 761 2435 i

148 2473 319 2534 Posthabito
332 2473 449 2552 quoties
466 2473 585 2534 Parnasi
599 2473 708 2534 vertice
722 2472 827 2554 Apoiio

187 2571 356 2649 Libetrique
371 2569 457 2631 undis
471 2571 536 2631 haec
552 2573 674 2632 nemore
686 2570 744 2631 eitn
757 2570 825 2631 coiit
840 2573 846 2630 i
934 2569 936 2574 ’

148 2669 226 2729 i=iaec
240 2685 371 2746 quoque,
386 2666 456 2728 dum
472 2667 592 2729 sordent
606 2668 690 2728 Nise
701 2666 863 2747 iugeceisn‚
880 2667 995 2729 seroces

187 2764 274 2825 Liber
287 2781 378 2844 agens
392 2765 481 2844 tigres
495 2782 576 2846 sepe
590 2766 680 2827 vireta
695 2766 775 2846 petit.
815 2832 820 2836 μ
1010 2800 1037 2836 ις

144 2863 230 2942 Quot
245 2863 337 2944 patuit
350 2860 456 2922 domus
471 2862 524 2923 iste
536 2862 603 2923 viris
616 2862 768 2924 virtutibus
782 2864 874 2924 auctis

186 2959 354 3039 insignique
368 2959 438 3020 ortis
453 2959 615 3041 hospitibus
628 2977 738 3041 genere
754 2963 760 3020 i

148 3057 225 3117 iioec
239 3057 355 3137 quoties
367 3055 509 3137 Gonsnga
519 3069 549 3118 et
559 3076 660 3119 amore
670 3070 701 3118 et
711 3059 854 3138 sanguine
865 3058 990 3130 iunctus,

187 3154 312 3214 Mantua
327 3172 388 3233 quo
402 3153 512 3234 gaudet
528 3155 664 3237 preside,
682 3166 761 3216 tecta
775 3153 852 3216 subit
867 3157 873 3214 i

147 3253 217 3312 Huc
231 3270 352 3331 quoque
370 3252 521 3313 Pontnnus
539 3252 635 3314 Musis
649 3253 802 3314 comitatus
816 3253 925 3314 annoeni
1011 3290 1036 3338 15

187 3349 257 3408 Non
272 3348 362 3409 semei
376 3349 498 3410 accessit
512 3360 616 3431 eaptus
629 3368 730 3411 amore
744 3350 809 3423 ioci,

191 3525 257 3573 iioee
277 3525 359 3587 eiegin
383 3525 406 3572 in
429 3527 484 3573 sein
509 3525 609 3589 Diniogi
633 3525 747 3575 editione
764 3525 863 3586 Aldine,
882 3539 958 3588 quem
974 3527 998 3574 Ε

144 3604 227 3652 iittern
244 3605 393 3664 notavimus,
410 3605 520 3666 eiusque
536 3605 692 3668 apogrnpitie
707 3614 798 3655 exstet.
